2948 4500
712 256 773 339 43,

141 470 200 537 ille
224 471 258 536 in
282 454 501 538 testimonium
523 478 697 556 praeterea
719 460 868 538 citaverit
891 470 934 536 ad
950 470 1006 552 IV,
1029 471 1059 554 9,
1081 468 1123 535 23
1146 477 1178 536 et
1201 470 1256 554 IV,
1282 468 1330 553 13,

146 578 196 642 18.
241 562 345 658 neque
368 583 539 660 repugnat,
563 576 649 659 quod
673 576 947 643 Notradamensia
972 582 1127 659 excerpta
1157 596 1221 641 non
1245 575 1331 639 ultra

144 682 381 766 panegyricum
410 681 601 766 procedunt.
653 681 688 746 id
718 681 804 746 enirn
844 687 900 746 aut
930 680 1140 762 neglegentia
1170 677 1361 743 accidisse⁴

144 785 239 850 oredo
263 792 320 851 aut
343 770 408 852 alio
432 806 512 852 casu
539 786 654 851 eodem
686 807 749 868 quo
780 785 970 851 Vincentius
992 785 1098 868 ‚plane
1129 783 1273 850 omiserit
1295 780 1332 845 li·

144 889 237 954 brum
262 896 422 972 quartum.
467 910 581 973 nempe
604 890 689 955 hunc
712 889 911 974 scriptorem,
940 889 1082 982 quinon
1105 889 1179 972 plus
1202 892 1332 970 scptua·
1393 903 1396 906 ⁴
1428 928 1435 955 ,-

143 993 235 1075 ginta
264 999 416 1074 quattuor
444 1012 558 1059 versus
590 993 721 1076 rettulit,
753 1013 824 1058 cum
851 993 1144 1060 Nostradamensia
1179 996 1333 1073 excerpta
1432 998 1435 1069 j

145 1097 301 1164 ducentos
332 1097 399 1162 lere
422 1097 597 1180 sexaginta
619 1097 816 1180 praebeant,
847 1097 922 1180 ipsa
945 1096 1147 1180 excerpsisse
1177 1100 1331 1176 excerpta

146 1200 180 1265 in
204 1206 316 1284 aperto
340 1206 399 1267 est.

250 1304 302 1369 Ad
318 1324 475 1370 summam
500 1312 653 1389 excerpta
676 1325 781 1393 neque
797 1305 979 1370 manifestis
1004 1305 1122 1370 veteris
1140 1301 1330 1368 correctoris

144 1409 452 1491 interpolationibus
476 1410 611 1492 gravius
628 1416 695 1495 aut
708 1409 921 1493 perniciosius
943 1430 1040 1491 quam
1064 1408 1178 1493 plenos
1202 1406 1331 1471 codices

145 1512 265 1577 furtiva
297 1510 452 1597 deinceps
484 1513 692 1578 scribentium
724 1513 964 1596 legentiumque
993 1512 1151 1579 lubidine¹
1169 1530 1241 1576 esse
1276 1509 1331 1573 de-

146 1623 299 1701 pravata,
330 1635 434 1698 neque
459 1637 476 1682 e
502 1615 675 1682 decurtato
699 1617 878 1700 archetypo
910 1616 1044 1683 fluxisse
1075 1616 1229 1681 Muellero
1259 1634 1330 1679 con-

148 1720 310 1787 cesserim.
737 1718 741 1727 *
976 1718 977 1722 ’

249 1825 353 1907 Igitur
375 1824 471 1889 banc
495 1845 590 1889 unam
620 1825 706 1891 viam
737 1826 772 1890 in
811 1825 1023 1891 diiudicanda
1057 1825 1171 1890 harum
1199 1842 1328 1906 excerp·

146 1930 269 1995 tionum
285 1929 349 1995 fide
365 1923 613 2011 ingrediendam
630 1949 704 1995 esse
720 1949 846 2011 censeo,
868 1936 902 1995 ut
918 1930 1117 2011 inquirentes
1133 1929 1167 1994 in
1184 1928 1331 2011 singulas

147 2034 328 2117 scripturae
353 2033 593 2116 discrepantias
616 2033 833 2118 exploremus,
856 2034 883 2099 si
917 2033 999 2099 sorte
1022 2034 1164 2117 genuina
1193 2039 1224 2098 et
1247 2052 1331 2115 quac

148 2138 370 2203 Tibullianum
406 2138 546 2203 colorem
581 2158 660 2221 prae
692 2159 727 2204 se
763 2137 871 2202 serant
909 2159 950 2202 ex
986 2137 1052 2202 illis
1083 2128 1211 2222 possint
1247 2135 1330 2201 elici.
1423 2156 1426 2161 ·

148 2243 260 2325 qualia
284 2241 311 2308 si
335 2242 492 2308 nonnulla
514 2241 548 2307 in
571 2242 827 2324 corruptelarum
851 2242 990 2307 colluvie
1013 2249 1135 2326 extant,
1164 2240 1260 2324 idque
1284 2239 1331 2304 ita
1413 2268 1421 2291 -·

146 2365 219 2412 esse
241 2366 346 2429 neque
368 2367 389 2410 a
411 2346 568 2412 Muellero
591 2347 688 2429 plane
713 2352 851 2428 negatur
873 2351 911 2430 et
927 2347 1001 2411 aliis
1024 2347 1173 2430 elucebit,
1197 2346 1330 2410 necesse
1362 2418 1364 2423 ,
1421 2430 1430 2435 -

147 2457 255 2516 estut
279 2457 504 2535 excerptorum
528 2450 756 2515 auctoritatem
780 2449 808 2514 si
833 2450 937 2514 minus
967 2451 1166 2534 superiorem
1189 2469 1270 2529 esse,
1295 2454 1330 2513 at

148 2563 257 2620 tamen
293 2576 357 2619 non
388 2554 573 2620 inferiorem
609 2554 776 2620 codicibus
807 2554 1009 2620 arbitremur.
1060 2575 1135 2618 nam
1165 2560 1200 2618 ut
1235 2554 1329 2636 plura
1433 2558 1435 2565 '

150 2659 270 2724 sintin
294 2656 456 2742 excerptis
481 2665 647 2743 corrupta,
669 2657 824 2723 minorem
849 2655 870 2722 a
892 2663 1054 2723 vetustate
1078 2649 1337 2724 commendatio
1424 2718 1428 2733 ,

151 2784 224 2828 nem
247 2762 369 2827 habent
393 2763 532 2829 codices.
