2948 4500
727 113 769 176 32

645 201 850 211 n———n

20 368 48 421 '..¹
165 302 287 385 Dexter
310 321 357 386 uti
380 321 506 386 laevum
531 327 641 387 teneat
665 322 877 404 dextrumque
902 322 1032 388 sinister

67 420 82 471 ¹·
155 424 251 490 Miles
276 424 380 516 sitque
408 426 528 508 duplex
551 425 672 508 gemini
695 427 834 492 victoria
857 425 1012 508 casus⁶⁷l
1281 427 1342 491 105

31 530 35 549 '
65 536 68 545 '
746 548 747 552 ’
840 531 906 613 (IV,
933 536 960 613 1,
984 530 1146 613 rsa-105)

258 685 348 750 Haec
376 691 451 750 sunt
478 685 769 750 Nostradamensis
800 676 921 749 codicis
952 694 1113 769 excerpta,
1136 665 1361 752 Tibullianar

154 789 252 853 etiam
275 790 359 855 alius
390 790 495 874 codex
518 789 715 854 Parisiensis
744 809 794 855 no..
820 789 924 854 13582
956 790 1080 854 saeculi
1103 791 1186 854 Xlll
1216 797 1272 854 aut
1294 790 1340 852 iu-

153 893 260 957 eunus
287 893 363 960 xru
386 901 517 978 praeter
540 893 636 959 stam
659 892 856 979 Thebaidos,
880 893 1016 976 nunant,
1039 893 1175 973 Horaia,
1202 894 1338 958 lovena

20 980 25 993 ⁸
153 997 203 1080 lis,
227 996 412 1078 Claudiani,
435 996 613 1080 prudentii,
638 996 746 1064 Ovidii
771 1002 926 1080 excerpta
949 995 1069 1061 Tibulli
1093 997 1244 1061 continet.
1280 998 1338 1061 sed

111 1094 114 1099 ’
154 1099 304 1182 quoniam
329 1096 502 1185 nullusin
530 1101 591 1166 boc
612 1101 732 1184 legitur
766 1120 896 1183 versus,
931 1099 1007 1181 quin
1041 1099 1177 1165 eundem
1207 1101 1342 1165 Nostra-

154 1204 319 1270 damensis
351 1203 453 1270 codex
484 1203 619 1287 habeat,
656 1205 816 1286 amboque
846 1204 1060 1287 vel‘ineptiis
1090 1210 1147 1269 aut
1178 1206 1339 1269 erroribus

39 1314 42 1321 “
118 1324 120 1328 ’
153 1308 358 1374 librariorum
392 1307 488 1373 valde
523 1309 728 1375 consentiunt
762 1308 865 1392 (velut
898 1309 957 1391 ΙΙΙ,
993 1311 1022 1392 6,
1051 1309 1092 1373 37
1127 1309 1251 1392 ,locum‘
1281 1329 1340 1391 pro

153 1413 304 1497 ,iocum‘)‚
335 1434 399 1479 non
432 1432 559 1478 errasse
589 1413 717 1478 videtur
745 1411 967 1494 Woelfflinus‚
1007 1433 1077 1477 cum
1109 1412 1150 1476 de
1180 1404 1358 1476 communi

153 1517 265 1581 borum
296 1525 520 1601 excerptorum
552 1516 640 1581 fonte
675 1516 816 1583 dubitari
848 1535 911 1579 non
939 1536 1036 1599 posse
1070 1515 1339 1599 contender·et.⁶⁸)

153 1627 294 1685 ceterum
327 1621 467 1686 minume
503 1620 664 1704 mirabor,
702 1619 731 1684 si
762 1619 883 1684 similia
926 1625 1022 1702 atque
1056 1620 1188 1703 gemina
1226 1620 1339 1685 horum

153 1729 305 1807 cxcerpta
328 1724 424 1807 plura
446 1725 478 1789 in
503 1724 607 1789 lucem
631 1722 877 1807 protrahentur,
911 1730 1007 1805 atque
1031 1731 1117 1788 certe
1144 1724 1176 1787 in
1201 1744 1264 1789 uno
1288 1745 1339 1788 co-

153 1827 224 1894 dice
247 1828 396 1893 Parisino
420 1836 551 1911 praeter
577 1847 648 1892 eum
671 1847 765 1910 quem
789 1827 886 1893 modo
916 1827 1003 1910 dixi,
1035 1826 1148 1893 horum
1173 1827 1339 1893 simillima

152 1937 263 1996 extare
288 1932 365 1997 scio.
435 1944 440 1952 ·
750 1956 754 1962 ’

255 2025 324 2099 Iam
364 2035 404 2100 de
442 2035 588 2100 fontibus
621 2035 799 2101 rariorum⁴
817 2042 1043 2118 excerptorum
1079 2041 1112 2100 et
1143 2036 1339 2120 cognatione
1392 2098 1394 2101 .

160 2159 243 2222 quae
267 2141 352 2204 inter
375 2159 414 2203 ea
438 2139 621 2205 intercedat
645 2140 870 2221 quaestionem
902 2139 1000 2223 paulo
1023 2138 1126 2204 fusius
1149 2146 1336 2219 tractemus,

154 2264 225 2308 cum
242 2263 409 2328 perpauca
425 2243 533 2308 adbuc
548 2250 605 2308 aut
621 2243 761 2308 minume
784 2242 973 2327 probabilia
989 2243 1030 2308 de
1054 2263 1093 2308 ea
1109 2244 1241 2326 prolata
1264 2263 1337 2308 esse

153 2348 341 2414 invenerim.
388 2347 559 2414 Richterus
584 2348 725 2413 enimin
750 2348 982 2414 dissertatione
1005 2347 1058 2429 ‚de
1078 2346 1243 2412 Vincentii
1266 2347 1338 2412 Bel-

40 2492 43 2497 ·
151 2453 336 2519 lesacensis
368 2453 532 2536 excerptis
563 2452 768 2517 Tibullianis‘
802 2453 959 2535 (Bonnae
983 2451 1087 2539 1862)
1117 2453 1238 2534 pag?
1270 2458 1336 2516 not.

153 2556 333 2638 „dubitari“
359 2555 463 2638 iuquit
488 2576 573 2641 „non
589 2562 706 2640 potest,
729 2556 805 2639 quin
823 2555 1052 2621 Lachmannus
1068 2561 1157 2620 recte
1174 2554 1335 2620 Vincentii

20 2664 47 2705 *f
150 2668 182 2726 et
205 2659 364 2742 Scaligeri
387 2667 542 2744 excerpta
566 2660 680 2726 eadem
708 2680 781 2726 esse
804 2660 1017 2726 contenderit.
1063 2679 1228 2740 nunquam
1252 2660 1335 2725 enim

32 2831 35 2835 .
149 2764 254 2830 ineis
279 2763 461 2846 scripturis,
493 2785 575 2847 quas
605 2771 739 2848 uterque
771 2763 871 2830 babet
901 2785 964 2830 uno
991 2765 1063 2829 loco
1087 2770 1241 2847 excepto,
1272 2765 1331 2848 ΙΙΙ,

147 2869 177 2953 4,
199 2867 242 2932 45
265 2867 320 2932 ubi
345 2867 493 2950 Scaliger
515 2862 664 2952 ‚nonnos
688 2868 875 2953 decipiant,
901 2868 1089 2934 Vincentius
1119 2887 1206 2951 spec.
1231 2868 1334 2933 doctr.

148 2972 204 3054 IV,
229 2971 290 3036 163
313 2992 364 3053 ,ne
386 2991 445 3037 nos
470 2973 648 3057 decipiant‘
677 2973 774 3057 citat,
805 2992 902 3056 quam
932 2972 1187 3056 discrepantiam
1219 2972 1333 3041 fortui:

148 3083 215 3141 tam
246 3094 317 3140 esse
348 3082 499 3160 apparet,
530 3077 652 3142 interse
676 3075 948 3161 discrepant“⁶⁹)
994 3083 1029 3142 at
1060 3076 1201 3142 minume
1229 3075 1333 3139 Lach-

148 3199 284 3245 mannus
308 3179 468 3264 Scaligeri
491 3189 648 3265 excerpta
671 3181 787 3248 eadem
815 3202 886 3248 esse
911 3188 1009 3265 atque
1038 3181 1212 3265 Vincentii,
1235 3180 1333 3244 immo

199 3389 230 3456 Μ)
249 3388 385 3456 Scaligeri
403 3392 539 3456 excerpta
556 3389 741 3445 continebant
775 3394 925 3458 praeterea
943 3388 993 3456 IV,
1011 3389 1037 3456 2,
1061 3389 1095 3445 23
1113 3393 1142 3444 et
1159 3388 1208 3456 IV,
1229 3389 1270 3455 13,
1291 3385 1333 3454 18,

249 3477 358 3544 quade
377 3491 406 3530 re
425 3473 497 3529 inira
514 3475 626 3532 uberius
660 3477 833 3547 disputatum
852 3479 904 3531 est.

199 3562 230 3631 08)
248 3579 304 3620 nno
324 3563 388 3618 loco
411 3562 602 3631 discrepantia
620 3563 693 3619 iuter
729 3563 796 3619 illos
819 3563 953 3618 notabilis
975 3563 1101 3618 videtur:
1119 3562 1140 3631 Ι,
1164 3564 1188 3630 2,
1213 3561 1246 3615 87
1267 3559 1331 3617 cod.

249 3650 314 3705 Par.
332 3667 378 3706 no.
397 3651 482 3707 13582
500 3652 552 3719 ,sia
571 3650 684 3706 nimium
705 3651 805 3707 laetus‘
824 3651 922 3707 habet.

198 3736 230 3804 ου)
249 3737 367 3793 alteram
398 3738 615 3808 discrepantiam
631 3737 792 3794 Richterum
815 3738 923 3808 fugisse
950 3737 1049 3793 video:
1076 3737 1125 3805 Ill,
1144 3738 1170 3807 3,
1194 3738 1225 3790 11
1245 3736 1333 3791 Scali-

251 3825 312 3892 geri
340 3830 472 3893 excerpta
495 3826 648 3894 praebuere
667 3825 714 3893 (cf.
740 3827 863 3895 castigg.
886 3842 913 3894 p.
942 3826 992 3880 165
1019 3825 1062 3892 Β.)
1089 3824 1165 3894 ,quid
1193 3824 1332 3894 prodesse

250 3916 347 3980 potest
373 3914 485 3982 pondus
522 3915 590 3968 milit
614 3913 708 3969 divitis
735 3913 811 3984 anri‘,
840 3910 1004 3968 Vincentius
1029 3912 1058 3966 in
1082 3928 1158 3980 spec.
1177 3912 1267 3968 doctr.
1287 3911 1332 3967 bis

250 4000 309 4067 (VI,
330 4000 486 4067 recavis,
505 4001 532 4068 2)
557 4001 598 4055 ita
622 4001 735 4070 scripsit
752 4001 830 4070 ‚quid
852 4001 987 4070 prodesse
1005 4004 1105 4069 potest
1121 4001 1234 4071 pondus
1251 4017 1334 4070 prove

241 4086 344 4138 diuitis
360 4087 439 4140 auri‘.
