2948 4500
703 169 745 234 26

623 259 826 269 .---...-.--ι

164 380 246 446 Tum
270 379 390 447 caedes
412 378 574 446 hominum
599 379 709 464 generi
733 387 799 446 tum
822 377 949 464 proelia
971 384 1050 445 nata

208 486 253 550 Et
274 485 403 550 brevior
427 485 520 551 dirae
542 485 654 551 mortis
677 493 793 569 aperta
815 484 869 549 via
893 489 950 550 est.

165 589 293 655 Forsoc
316 594 344 655 ct
364 591 414 654 illc
436 590 534 655 oc'cltt'l
555 590 685 655 meruit:
709 609 768 655 nos
792 589 837 653 ad
860 589 949 652 mala
972 584 1112 652 nostra*
1300 582 1321 647 5

207 693 371 759 Vertimus
394 693 427 758 in
453 714 571 760 saevas
595 695 682 777 quod
706 693 797 758 dedit
819 693 874 759 ille
897 692 994 758 feras.

164 797 284 862 Divitis
308 796 369 861 hoc
390 797 504 863 vitium
528 806 578 863 est
602 799 682 864 auri.
727 818 786 863 nec
810 797 898 863 bella
919 797 1049 862 suerunt

207 900 354 984 Faginus
377 903 507 982 optabat
529 922 599 967 curn
623 902 736 986 ciphus
760 907 836 967 ante
856 922 984 966 meram.

164 1005 236 1070 Non
260 1025 360 1090 arces,
385 1026 448 1070 non
472 1006 579 1071 vallus
603 1011 673 1071 erat
696 1025 926 1087 sompnnmque
948 1005 1079 1089 petebat

210 1109 349 1175 Securus
373 1110 482 1174 varias
506 1110 572 1175 dun
595 1109 704 1193 gregis
728 1109 811 1175 inter
835 1128 921 1175 oves.
946 1110 984 1193 (Ι,
1011 1109 1059 1192 10,
1084 1107 1201 1188 1-10)
1283 1106 1322 1171 10

136 1283 248 1362 *Quis
271 1282 360 1347 furor
384 1289 433 1348 est
455 1288 561 1348 atram
585 1282 680 1348 bellis
705 1303 869 1349 arcessere
892 1290 1033 1349 mortem.

181 1387 361 1452 *Imminet
384 1395 417 1453 et
439 1388 648 1454 tacito‘clam
671 1389 762 1454 venit
784 1387 842 1453 illa
864 1387 957 1472 pede.

167 1491 239 1556 Non
264 1511 358 1574 seges
381 1499 431 1556 est
454 1491 548 1576 intra,
571 1513 634 1557 non
658 1492 755 1557 vinea
778 1492 875 1577 culta,
899 1491 957 1557 sed
981 1492 1091 1557 audax
1280 1489 1320 1555 35

211 1595 370 1660 Cerberus
393 1602 425 1659 et
449 1596 587 1679 Stygiae
611 1596 725 1661 navita
741 1598 885 1678 poappc's
907 1616 1029 1678 aquae:

166 1699 239 1764 Illic
255 1700 426 1780 perscissc's
448 1699 542 1782 genis
566 1707 703 1783 ustoquo
727 1700 866 1784 capillos

208 1803 305 1868 Errat
328 1804 372 1868 ad
396 1804 551 1871 obscuros
576 1805 703 1889 pallida
725 1806 822 1870 turba
845 1805 946 1870 lacus.

139 1906 277 1985 *Quam
299 1907 408 1991 potins
431 1908 618 1973 laudandus
641 1909 693 1974 hic
717 1915 776 1992 est,
800 1929 894 1992 quern
917 1910 1007 1992 prole
1029 1914 1147 1992 parata

181 2010 332 2077 *Occalit
354 2012 387 2076 in
411 2032 515 2096 parva
539 2013 635 2096 pigra
658 2021 791 2079 senecta
814 2034 901 2080 oasa.
1278 2009 1322 2074 40

168 2117 242 2200 lpse
267 2136 345 2181 suas
369 2123 512 2182 sectatur
536 2137 622 2200 oves,
646 2125 681 2182 at
703 2118 788 2183 filius
812 2137 916 2201 agnos

209 2222 250 2286 Et
273 2221 415 2286 calidam
438 2221 525 2287 fesso
550 2230 718 2306 comparat
740 2243 822 2288 uxor
845 2243 972 2305 aquam.

168 2325 220 2390 Sic
244 2343 306 2407 ego
331 2324 399 2408 sim,
424 2325 584 2408 liceatque
608 2334 705 2410 caput
730 2326 927 2393 candescere
951 2326 1053 2410 canis,

110 2416 111 2420 ¹
212 2429 383 2512 Temporis
407 2435 439 2494 et
461 2429 561 2513 prisci
585 2430 674 2497 facta
697 2431 816 2496 referre
841 2451 961 2497 senem.

33 2560 47 2585 ο
170 2533 298 2597 Interea
321 2553 387 2615 pax
410 2554 490 2599 arva
514 2535 610 2599 colat.
654 2536 725 2600 Pax
749 2533 891 2600 candida
913 2536 1049 2618 primum
1281 2530 1323 2595 45

181 2637 253 2700 Pax
276 2636 358 2700 aluit
381 2637 463 2702 vites
487 2645 519 2704 et
542 2658 657 2704 succos
682 2638 830 2704 condidit
853 2657 937 2704 uvae
1281 2636 1322 2700 47

214 2738 379 2805 Funderet
402 2748 437 2805 ut
459 2749 536 2807 nato
560 2749 644 2808 testa
666 2749 805 2827 paterna
827 2762 963 2808 merum:

168 2842 254 2908 Pace
278 2843 396 2908 bidens
418 2845 635 2938 comcopoeffl)
659 2849 742 2931 attat,
766 2853 800 2911 at
822 2846 929 2911 tristia
952 2845 1047 2913 duri*

212 2947 326 3013 Militis
348 2948 381 3012 in
405 2950 547 3015 tenebris
570 2960 708 3036 occupat
730 2974 822 3018 arma
846 2953 937 3019 situs.
1282 2948 1324 3013 50

704 3059 742 3139 (Ι,
768 3058 817 3141 10,
840 3058 1052 3123 33-500111.
1075 3077 1104 3139 v,
1127 3054 1184 3137 46)

273 3237 309 3297 In
333 3238 465 3300 secundo
490 3238 527 3298 de
549 3235 730 3300 reverentia
752 3234 929 3298 exhibenda
950 3235 1040 3297 fertis
1062 3232 1182 3333 diebps.

141 3374 258 3439 *Luce
282 3392 376 3438 sacra
399 3372 580 3455 requiescat
603 3371 726 3455 humus,
749 3371 932 3453 requiescat
954 3377 1074 3452 arator,
1224 3412 1227 3416 .
1302 3365 1323 3430 5

189 3474 259 3542 *Et
282 3496 385 3560 grave
409 3497 568 3561 suspenso
591 3497 721 3542 vomere
744 3483 848 3542 cesset
871 3496 961 3559 opus.

142 3579 297 3647 *Solvite
320 3580 473 3666 troctas)
498 3581 601 3665 iugis:
626 3601 710 3646 nunc
733 3581 775 3644 ad
799 3580 973 3665 praesepia
996 3579 1115 3645 debent

184 3683 317 3752 *Plena
340 3691 494 3752 coronato
517 3687 627 3752 cortice
649 3692 734 3750 storo
756 3685 885 3749 bocca*

139 3917 344 3928 ..-....---.-

187 4067 218 4130 ¹9
232 4067 309 4120 Scal.
328 4081 407 4120 exce.
425 4067 606 4135 ,vomerqnct

172 4144 209 4211 ⁴9
231 4148 307 4202 Vina
328 4164 408 4204 exea
428 4151 575 4218 ,vinculat
