2948 4500
254 360 288 427 in
313 359 527 428 deterioribus
550 360 605 442 ,at‘
627 382 686 445 pro
709 361 783 446 ,an‘,
813 366 966 444 excerpta
988 362 1146 444 praebent
1175 361 1298 445 ,forsan
1327 368 1359 427 et
1381 360 1438 425 ille

255 465 334 531 nihil
362 465 497 533 meruit‘.
541 466 768 533 Lachmannus
805 465 951 532 codicum
981 465 1173 531 auctoritate
1212 465 1342 530 innixus
1373 464 1438 546 ,an‘

254 570 378 655 recepit
400 590 535 653 eumque
558 578 686 638 secutus
709 577 759 638 est
775 571 1005 654 Rossbachius,
1028 591 1129 654 prave
1153 570 1283 654 quidem
1305 577 1438 651 uterque

254 674 533 759 interpungentes.
582 674 745 759 Scaliger,
782 676 1023 758 Broukhusius,
1053 675 1214 760 Heynins,
1242 673 1439 752 Bussenius,

255 779 436 864 Disscnius,
459 779 609 863 Riglerus
632 784 688 866 ,at‘
702 787 888 864 posuerunt.
934 780 984 845 sin
1008 800 1079 845 cum
1102 778 1249 862 Hauptio
1273 778 1320 843 sic
1342 778 1441 843 inter-

253 903 427 967 pnngrmns

357 1041 411 1105 ,an
433 1021 514 1086 nihil
536 1021 591 1087 ille
614 1023 711 1088 miser
734 1024 859 1107 meruit,
881 1042 942 1089 uos
966 1022 1010 1088 ad
1032 1023 1120 1087 mala
1143 1028 1253 1087 nostra

400 1128 554 1193 vertimus
578 1128 612 1192 in
636 1147 754 1193 saeuas
779 1127 864 1209 quod
888 1128 980 1193 dedit
1003 1128 1057 1193 ille
1079 1126 1197 1195 ferasl'

256 1254 288 1313 et
310 1249 393 1314 bene
419 1248 593 1315 cohaerent
617 1250 726 1315 omnia
749 1270 855 1333 neque
880 1249 1054 1353 quidquam
1076 1249 1140 1314 arti
1164 1248 1369 1314 Tibullianae
1392 1268 1442 1312 re·

255 1358 390 1436 pugnat.
434 1359 659 1436 excerptorum
695 1360 809 1420 contra
833 1353 995 1437 scriptura
1018 1353 1066 1418 uti
1095 1374 1154 1437 per
1177 1372 1211 1418 se
1236 1353 1370 1433 languet
1392 1352 1442 1415 ita

254 1457 328 1522 ideo
358 1456 555 1540 interpolata
585 1457 732 1542 videtur,
763 1457 851 1540 qnod
882 1463 1052 1542 excerptor
1081 1458 1145 1538 ,an‘
1172 1456 1352 1539 particulae
1375 1455 1442 1518 vim

254 1559 438 1645 ignorabat,
462 1561 548 1643 quod
571 1561 657 1627 idem
690 1562 745 1627 vel
767 1569 885 1628 nostra
918 1567 1026 1627 aetate
1048 1560 1199 1626 Dissenio
1229 1579 1289 1624 usu
1311 1559 1442 1625 venisse

254 1664 362 1732 video.

773 1790 799 1872 I,
824 1790 873 1869 10,
896 1790 924 1854 8.

359 1892 495 1958 Codices
519 1898 605 1976 ,ante
638 1893 751 1977 dapes‘
775 1913 836 1958 uno
861 1899 998 1977 excepto
1021 1891 1216 1974 Colbertino,
1240 1891 1293 1972 qui
1316 1891 1441 1975 ,pedes‘

255 1997 400 2082 praebet,
423 1996 616 2080 florilegium
640 2003 727 2080 ,ante
743 2000 883 2064 merum‘.
921 2004 1059 2078 utraque
1081 1995 1178 2060 lectio
1199 2016 1263 2059 non
1287 1995 1441 2078 insipida,

255 2109 390 2184 utraque
423 2101 531 2166 colore
560 2101 748 2166 Tibulliano
777 2096 841 2166 non
867 2121 996 2166 carens.
1043 2101 1142 2164 multo
1174 2105 1281 2164 tamen
1312 2097 1442 2163 facilius

256 2204 434 2271 adductum
458 2223 531 2270 esse
555 2210 776 2287 excerptorem
800 2206 908 2288 credo,
939 2225 1009 2269 eum
1041 2202 1197 2287 scyphum
1226 2203 1377 2284 legisset,
1408 2209 1443 2265 nt

256 2309 323 2373 vini
347 2309 508 2374 subiceret
537 2309 747 2390 vocabulum,
778 2329 874 2390 quarn
905 2307 1090 2389 librarium,
1122 2306 1150 2372 si
1180 2307 1321 2387 ,merum‘
1353 2305 1443 2369 inve-

256 2413 358 2479 nisset
380 2413 415 2477 in
438 2411 566 2496 codice,
597 2418 633 2479 nt
662 2413 786 2497 ,dapes‘
816 2413 1025 2479 substitueret
1056 2432 1076 2475 a
1100 2409 1214 2494 scyphi
1238 2407 1442 2474 consortione

255 2518 355 2601 paulo
378 2517 576 2584 remotiores.
675 2589 677 2595 ,

764 2639 789 2722 I,
814 2640 862 2723 10,
885 2639 937 2704 37.

359 2741 498 2809 Codices
514 2744 659 2827 plerique
683 2742 942 2825 percussisque,
967 2745 1120 2823 excerpta
1144 2739 1301 2821 Scaligeri
1324 2744 1357 2802 et
1378 2739 1443 2804 No·

261 2847 502 2914 stradamensia
518 2845 786 2932 ,perscissisqne‘.
819 2844 874 2909 illa
899 2845 1057 2927 scriptura
1073 2850 1185 2927 aperte
1208 2849 1360 2925 corrupta
1384 2847 1444 2924 est,

257 2974 331 3018 nam
358 2972 423 3035 qna
446 2951 573 3016 ratione
596 2969 770 3034 percussae
794 2949 944 3014 dicuntur
961 2953 1158 3013 mortuorum
1181 2950 1311 3029 genae?
1345 2947 1444 3010 Hein-

259 3057 326 3123 sius
351 3056 449 3139 igitnr
467 3054 598 3138 scripsit
621 3053 824 3136 ,exosisque‘,
848 3073 913 3135 qna
928 3052 1157 3118 emendatione
1181 3051 1260 3115 nihil
1276 3049 1445 3115 contendit

259 3161 378 3228 certius
414 3178 486 3226 esse
519 3156 753 3225 Broukhusius.
806 3162 840 3221 at
878 3177 942 3239 qna
974 3164 1012 3221 're
1048 3174 1153 3237 genae
1188 3173 1305 3218 exesae
1342 3155 1444 3218 sunt?

259 3265 347 3346 „sive
370 3264 480 3329 morbo
504 3262 654 3345 longiore
677 3261 907 3344 intelleguntur
938 3279 1058 3326 exesae
1081 3259 1152 3324 sive
1174 3263 1285 3342 rogo“,
1309 3278 1445 3340 respon·

259 3368 307 3434 dit
330 3367 483 3434 Heinsius
508 3367 541 3433 in
564 3366 772 3432 Adversariis
797 3366 865 3432 suis
887 3364 1040 3451 (Broukh.
1057 3384 1133 3447 pag.
1149 3363 1233 3444 461).
1279 3362 1336 3427 sed
1360 3362 1444 3429 illnd

258 3472 355 3538 nimis
380 3479 430 3538 est
455 3471 663 3552 reconditum,
686 3471 747 3537 hoc
770 3470 876 3535 minus
899 3476 1030 3550 rectum,
1061 3488 1135 3532 nam
1166 3487 1206 3532 ea.
1235 3466 1307 3550 ipsa
1338 3467 1446 3532 forma

259 3597 356 3659 quam
380 3577 440 3642 sub
462 3575 574 3642 mortis
597 3575 709 3642 horam
725 3574 926 3658 gestaverint
948 3575 1077 3640 umbras
1102 3571 1145 3636 ad
1167 3568 1285 3636 inferos
1310 3572 1445 3636 deseen-

261 3681 339 3746 dere
364 3680 505 3746 creditas
529 3699 603 3745 esse
633 3680 704 3765 ipse
729 3678 882 3744 Heinsius
908 3678 1011 3743 docet.
1056 3676 1154 3760 igitur
1185 3696 1248 3740 non
1271 3675 1347 3739 licet
1370 3696 1446 3742 exe-

260 3805 326 3869 sas,
355 3791 390 3850 at
413 3784 488 3850 licet
512 3784 626 3869 opinor
648 3783 827 3868 perscissas
854 3782 886 3846 vi
909 3782 996 3865 ignis
1019 3801 1122 3864 genas
1152 3787 1303 3846 statuere.
1348 3780 1446 3846 levis·

261 3890 345 3954 simo
370 3897 479 3954 autem
502 3888 682 3954 litterarum
714 3887 900 3952 discrimine
931 3887 1014 3951 inter
1042 3906 1076 3950 se
1108 3885 1231 3950 distant
1258 3884 1445 3968 ,percussis‘

259 4000 290 4058 ct
324 3992 525 4077 ,perscissis‘.
571 4012 629 4057 nec
661 4010 742 4075 opus
772 3990 901 4056 videtur
924 3989 1125 4055 violentioris
1155 3989 1245 4053 verbi
1273 3988 1305 4051 in
1336 3987 1445 4054 lenius

258 4096 437 4163 mutatione
462 4097 504 4162 ab
528 4096 673 4180 Hauptio
696 4093 785 4161 facta
808 4094 855 4159 sic
877 4093 1118 4178 ,rescissisque‘,
1143 4093 1181 4159 cf.
1204 4093 1228 4174 I,
1256 4093 1303 4175 10,
1326 4091 1377 4156 61.

194 4402 282 4498 f
