2948 4500
816 90 859 155 36

351 316 429 382 crgo
452 295 605 362 iudicium
629 297 709 363 nihil
732 305 781 364 cst
804 297 867 364 nisi
890 299 1021 382 publica
1044 298 1189 364 meroes‘

248 424 345 488 porro
367 403 401 466 in
425 399 496 466 cod.
519 401 628 467 Nostr.
652 421 765 467 versus
789 409 849 468 sat.
877 403 935 467 137
961 405 1005 488 (p.
1031 406 1102 487 199,
1129 404 1212 466 1-2
1228 401 1363 482 Buecb.)
1389 401 1441 466 sic

248 508 399 590 leguntur
1140 514 1143 519 ’

350 611 472 694 ,Parus
494 610 618 693 loquor.
643 611 730 693 quod
758 611 808 676 uis
831 612 970 677 nummis
993 612 1227 696 praebentibus
1252 617 1330 694 opta

352 714 478 780 eveniet
501 715 646 779 clausum
669 714 819 799 possidet
841 736 919 781 arca
943 717 1072 797 lovem‘,

214 829 216 835 ’
248 818 335 902 apud
358 818 564 884 Vincentium
593 818 739 884 minuma-
760 839 831 884 cum
856 819 1078 904 discrepantia
1102 821 1150 885 sic

351 942 466 1006 ,parua
489 922 613 1004 loquor.
645 921 732 1004 quod
761 922 811 988 uis
835 943 981 989 nummos
1011 923 1222 1008 prebentibus
1254 927 1332 1004 opta

353 1026 480 1092 eveniet
502 1027 648 1091 clausum
672 1026 823 1110 possidet
845 1027 945 1092 archa
968 1027 1095 1093 iovcm‘.

248 1152 266 1196 e
289 1129 455 1196 codicibus
479 1136 588 1195 autem
612 1131 754 1214 optumis
778 1131 861 1197 tales
884 1131 917 1195 hi
940 1151 1054 1198 versus
1076 1132 1227 1214 prodiere

352 1236 463 1316 ,multa
486 1234 614 1316 loquor:
639 1235 725 1316 quod
748 1235 812 1318 uis,
836 1235 974 1300 nummis
997 1236 1227 1320 praesentibus
1250 1241 1327 1318 opta

354 1345 387 1404 et
409 1336 528 1402 veniet.
574 1337 718 1403 clausum
740 1337 890 1421 possidet
912 1358 990 1403 arca
1013 1339 1150 1423 lovem‘,

247 1463 287 1508 ne
305 1443 418 1524 multa,
438 1448 473 1506 ut
486 1441 675 1507 Buecheleri
690 1443 800 1508 verbis
812 1452 894 1525 utar,
916 1442 1023 1522 „clare
1036 1442 1183 1527 adparet,
1201 1449 1322 1526 quanto
1336 1461 1441 1524 opere

248 1567 269 1612 a
298 1546 469 1612 Vincentio
488 1545 682 1629 compilatus
701 1546 782 1611 liber
804 1546 948 1611 Petronii
970 1545 1156 1627 congruerit
1178 1567 1247 1611 cum
1264 1545 1443 1632 florilegio,

161 1676 164 1683 ·
247 1651 317 1717 sive
340 1669 505 1715 numerum
528 1656 659 1733 spectas
686 1639 719 1715 et
746 1649 891 1715 ordinem
918 1655 1159 1733 excerptorum,
1190 1649 1258 1712 sive
1285 1648 1442 1730 singulas

247 1755 455 1838 scripturas.“
474 1773 578 1837 neque
592 1754 688 1820 aliter
702 1774 773 1820 sese
788 1773 856 1819 rem
867 1753 989 1818 habere
1001 1753 1034 1817 in
1047 1751 1254 1817 Suetonianis
1267 1753 1443 1833 utriusque

246 1857 556 1942 excerptisRotbius
568 1856 1269 1942 inSuetoniipraefationepag.XXXllIss.
1281 1856 1443 1922 ostendit.

247 1964 440 2029 Vincentius
465 1963 550 2028 enim
573 1961 606 2026 in
630 1963 755 2046 speculi
778 1961 957 2027 historialis
986 1960 1088 2025 libros
1121 1960 1241 2024 VI-X
1266 1960 1443 2025 dimidiam

245 2067 312 2134 fere
335 2073 463 2151 partem
494 2065 819 2133 Nostradamensium
851 2071 1076 2148 excerptorum
1100 2064 1244 2145 contulit,
1268 2066 1441 2148 planeque

248 2171 348 2237 etiam
372 2170 423 2236 hic
447 2171 636 2254 conspirant
651 2177 860 2252 utrorumque
884 2169 1066 2252 scripturae
1078 2168 1130 2232 vel
1146 2175 1259 2251 aperte
1283 2169 1440 2235 vitiatae.

246 2295 348 2359 quare
380 2273 480 2340 valde
502 2274 600 2340 miror
623 2274 808 2339 Richterum
839 2293 915 2356 pag.
939 2273 982 2336 20
1011 2279 1223 2356 praepostere
1251 2273 1297 2338 ita
1322 2271 1441 2357 dispu-

245 2386 354 2444 tasse:
384 2378 673 2462 ,perseverandum
702 2377 764 2442 erit
788 2377 821 2441 in
852 2397 891 2441 ea
923 2375 1101 2458 sententia,
1125 2362 1222 2457 quam
1246 2376 1308 2441 nisi
1331 2376 1442 2444 Lach-

245 2504 365 2548 manno
398 2482 493 2548 aliter
523 2482 710 2566 placuisset,
744 2480 801 2546 vix
832 2480 1004 2562 quisquam
1036 2480 1246 2564 deseruisset,
1278 2489 1442 2565 excerpta

245 2587 433 2653 Tibulliana
457 2606 560 2668 aeque
590 2593 689 2668 atque
721 2585 830 2650 omnia
853 2584 981 2666 reliqua
1011 2603 1094 2667 quae
1123 2586 1202 2650 citat
1230 2584 1440 2671 Vincentius

245 2692 287 2756 ab
311 2711 348 2757 eo
372 2691 444 2774 ipso
468 2690 614 2775 profecta
638 2690 730 2757 esse‘.
775 2695 890 2755 contra
912 2687 996 2753 enim
1020 2688 1155 2753 Rothius
1179 2688 1199 2752 l.
1216 2709 1242 2756 o.
1267 2688 1440 2756 Vincentii

246 2801 277 2861 et
300 2795 422 2860 codicis
444 2794 735 2861 Nostradamensis
758 2811 919 2858 consensu
942 2793 975 2857 in
999 2793 1122 2875 cologis
1139 2792 1351 2858 Suetonianis
1375 2794 1439 2859 ad-

247 2899 363 2964 ductus
386 2904 465 2979 erat,
497 2905 532 2963 ut
561 2897 765 2963 Vincentium
795 2897 828 2961 in
859 2896 1094 2963 conscribendo
1126 2917 1184 2962 suo
1215 2915 1313 2980 opere
1337 2915 1439 2964 usum

244 3021 316 3069 esse
344 3002 531 3068 adfirmaret
557 3002 715 3085 florilegio
744 3000 916 3081 Parisino,
947 3000 1005 3065 sed
1036 3000 1160 3084 pariter
1191 3021 1230 3066 ac
1259 3000 1438 3068 Richterus

244 3107 374 3173 erravit.
418 3128 494 3172 nam
517 3127 713 3190 quamquam
742 3105 905 3171 sententia
936 3105 1007 3187 illa,
1041 3105 1069 3170 si
1101 3108 1252 3190 exempla
1282 3107 1439 3173 ePetro-

243 3211 297 3277 nio
321 3219 354 3276 ct
377 3211 506 3277 Tibullo
530 3212 645 3277 adlata
673 3210 937 3293 consideramus,
968 3210 1211 3293 probabilitatis
1243 3210 1352 3294 specie
1376 3212 1438 3276 rni-

243 3336 338 3381 nume
354 3322 451 3398 caret,
468 3322 577 3382 tamen
594 3316 675 3400 ipsis
688 3315 885 3381 Tibullianis
901 3314 1067 3396 utriusque
1083 3315 1246 3399 excerptis
1262 3315 1434 3382 refutatur.

243 3419 362 3485 etenim
393 3419 421 3484 si
453 3419 767 3486 Nostradamensem
797 3418 941 3485 codicem
973 3419 1166 3484 Vincentius
1201 3419 1434 3504 excerpsisset,

242 3543 306 3589 non
341 3523 516 3589 'Vibullium
555 3531 687 3607 poetam
728 3530 863 3589 vocaret
903 3524 979 3608 (qui
1014 3542 1103 3587 error
1144 3524 1289 3606 genetivi
1322 3523 1433 3589 forma

242 3628 415 3693 TlBVLLl
435 3627 678 3693 .EXOERPTA
707 3635 804 3693 natus
835 3627 992 3710 videtur),
1024 3647 1094 3692 cum
1126 3627 1159 3691 in
1189 3627 1245 3693 illo
1276 3636 1433 3714 excerpta

241 3733 289 3796 ita
315 3731 474 3815 incipiant
496 3732 655 3814 ,Tibullus
679 3732 720 3798 de
750 3731 904 3798 felicitate
928 3732 1082 3816 pauperis
1105 3732 1213 3798 vitae‘.
1258 3740 1432 3816 praeterea

241 3843 306 3901 tres
331 3835 519 3901 Vincentius
548 3835 647 3901 habet
674 3836 764 3901 locos
796 3837 834 3920 (l,
868 3838 894 3919 1,
921 3835 1020 3900 1-4:
1044 3837 1068 3917 I,
1093 3840 1121 3920 8,
1144 3838 1203 3904 46;
1227 3839 1252 3919 Ι,
1275 3838 1306 3922 9,
1329 3837 1384 3919 52)
1411 3859 1433 3903 a

240 3938 398 4022 florilegio
422 3940 557 4006 alienos.
601 3940 672 4006 luce
695 3940 868 4023 igiturest
892 3940 1012 4006 clarius
1036 3941 1120 4006 huno
1152 3941 1258 4025 ipsum
1282 3943 1430 4009 codicem

241 4064 304 4110 non
328 4045 534 4129 compilatum
559 4064 630 4110 esse
661 4066 682 4109 a
705 4044 894 4128 Vincentio,
924 4045 985 4111 etsi
1008 4064 1048 4110 ne
1076 4045 1137 4112 hoc
1166 4047 1299 4130 quidem
1321 4068 1432 4133 quem·
