2948 4500
706 138 748 205 28

166 348 236 416 Nec
259 349 318 415 tibi
340 369 540 433 gemmarum
563 348 717 432 quicquid
740 345 891 413 felicibus
917 344 1013 412 [adis

30 452 33 459 '
209 453 373 538 Nascitur,
397 454 457 519 Eoi
482 473 547 537 qua
569 454 669 519 maris
692 451 781 517 unda
805 451 908 516 rubet.
954 450 1011 534 (II,
1033 450 1064 533 2,
1089 445 1231 528 13-16)

334 598 373 657 In
395 598 498 658 eodem
521 613 600 675 quae
621 589 706 656 mala
728 611 829 656 secum
850 593 958 655 ferant
980 590 1122 654 divitiae.

171 714 293 778 Ferrea
315 734 379 778 non
403 713 520 779 Pacem
544 712 602 780 sed
625 712 784 798 praedam
812 712 945 777 saecula
968 709 1144 805 laudante
1278 704 1320 770 35

209 816 338 884 Praeda
361 824 469 883 tamen
493 817 603 884 multis
627 824 677 883 est
699 818 852 898 adoperta
874 815 980 880 malis.

165 920 295 986 Praeda
316 921 403 987 teras
427 922 515 987 acies
539 922 642 988 cinxit
664 920 868 987 discordibus
892 919 1011 985 armis:

152 1110 157 1121 U
209 1025 292 1089 Hinc
315 1045 418 1110 cruor,
441 1025 516 1090 hinc
538 1026 658 1091 caedes
681 1045 826 1108 morsque
845 1026 1027 1108 propinquo
1052 1021 1177 1088 venit*

166 1129 297 1196 Praeda
318 1150 405 1213 vago
428 1129 523 1196 iussit
546 1129 713 1212 geminare
738 1130 886 1214 pericula
908 1134 1018 1213 ponto,

210 1232 289 1298 Oura
311 1234 420 1300 tribuit
440 1233 554 1299 dubiae
577 1234 687 1300 heilica
708 1240 813 1299 rostro
834 1235 933 1298 rati*
1278 1226 1321 1289 40

169 1337 351 1403 Praedator
375 1334 462 1420 cupit
484 1338 658 1404 immensos
682 1337 833 1404 obsidere
858 1357 989 1420 campos

210 1441 255 1507 Ut
277 1442 378 1507 multa
401 1443 571 1508 innumera
593 1442 707 1525 iugera
732 1448 849 1526 pascat
873 1439 969 1508 ove*
1277 1436 1320 1498 42

167 1544 308 1610 Plaudet
331 1552 363 1610 et
385 1546 576 1612 indomitum
598 1547 699 1612 moles
723 1566 823 1630 mara·
847 1545 953 1611 lentus
977 1551 1012 1610 ut
1035 1544 1121 1608 intra
1276 1538 1318 1604 45

143 1682 145 1687 ·
214 1649 370 1732 Negligat
393 1649 546 1716 hibernas
570 1649 725 1734 pisces⁵2)
750 1650 871 1716 adesse
894 1649 1010 1714 minas.

167 1754 210 1818 At
232 1753 309 1817 atat
330 1755 419 1821 laeta
438 1754 575 1820 'trahant
598 1754 730 1820 Samiae
754 1754 901 1838 acciepia
923 1754 1055 1820 testae*

210 1857 368 1940 Fictaque
390 1879 460 1923 cum
482 1880 578 1923 meaa
601 1859 727 1924 lubrica
752 1866 840 1925 terra
862 1865 945 1924 rota.
985 1858 1040 1941 (II,
1064 1858 1094 1939 3,
1117 1854 1255 1937 35-48,
1303 1849 1307 1853 ’

828 1983 922 2028 cmm.
948 1983 1000 2028 vv.
1023 1961 1164 2041 43-44)

1238 2054 1245 2088 i

35 2100 60 2175 ζ’
139 2097 264 2163 *Nunc
288 2106 319 2164 et
343 2119 457 2164 amara
481 2099 551 2166 dies
575 2107 607 2166 et
629 2101 736 2166 noctis
760 2102 901 2166 amarior
924 2101 1037 2166 umbra
1060 2107 1122 2166 est:

182 2199 328 2269 *Omnia
343 2223 426 2268 auec
441 2203 525 2269 tristi
541 2211 688 2288 tempora
710 2205 784 2271 felle
807 2205 947 2271 madent.
985 2205 1042 2290 (II,
1057 2205 1088 2285 4,
1109 2202 1246 2283 11-12)

48 2426 61 2435 ,q
168 2359 194 2425 Ο
217 2367 340 2440 pereat,
364 2359 546 2444 quicunque
570 2361 650 2443 legit
677 2361 863 2444 viridesque
887 2362 1080 2443 smaragdos

211 2462 253 2527 Et
275 2464 404 2529 niveam
428 2463 550 2548 tireo⁵³t
574 2465 694 2531 murice
716 2465 815 2548 tingit
838 2485 940 2530 ovem.

22 2554 25 2559 ’
140 2563 310 2632 *Praebet
332 2569 494 2634 avaritiae
516 2589 633 2635 causas
650 2571 793 2651 pretiosa
809 2575 971 2650 potentum

184 2671 322 2736 *Vestis
346 2679 378 2736 et
401 2693 418 2737 e
440 2673 537 2738 rubro
561 2673 671 2739 lucida
694 2673 817 2739 concha
840 2675 933 2741 mari.
979 2673 1033 2757 (ΙΙ,
1057 2673 1087 2756 4,
1103 2674 1246 2754 27-30)

417 2820 455 2880 In
478 2820 584 2881 eodem
606 2837 685 2898 quae
707 2818 773 2879 sint
795 2818 948 2879 commoda
970 2817 1045 2896 spei.

22 2912 25 2917 ’
142 2919 298 2986 *Ficiret
319 2923 409 2987 matti
432 2921 489 2987 leto
511 2924 618 2988 mata:
642 2922 775 2989 credula
798 2923 926 2988 vitam*

184 3024 297 3111 *Spes
319 3026 407 3092 fovet
430 3035 462 3092 et
484 3029 595 3094 meiius
617 3050 689 3094 cras
714 3028 783 3094 fore
807 3047 934 3111 semper
957 3022 1090 3109 apide*
1279 3023 1322 3091 20

53 3140 55 3145 ’
172 3130 253 3214 Spes
276 3131 336 3196 alit
359 3133 534 3215 agricolas,
558 3136 641 3218 Spes
665 3135 763 3201 sulcis
787 3131 891 3199 credit
914 3131 1016 3197 aratis

99 3306 102 3311 ,
214 3235 354 3320 Semina,
378 3258 461 3319 quae
486 3259 605 3323 magno
629 3239 739 3305 fenore
762 3239 879 3305 reddat
902 3252 1000 3321 ager:

172 3339 262 3404 Haec
285 3340 402 3423 laqueo
426 3344 583 3427 volucres,
606 3344 689 3410 haec
712 3350 822 3428 captat
846 3341 1005 3408 arundine
1029 3339 1146 3425 pisces,

216 3443 295 3508 Cum
318 3450 430 3511 tenues
452 3445 566 3514 hamos
589 3448 717 3514 abdidit
738 3456 814 3513 ante
838 3447 945 3514 cibus:

173 3545 258 3632 Spes
282 3548 380 3614 etiarn
403 3551 516 3616 valida
538 3552 662 3619 solatur
685 3552 840 3636 compede
862 3551 1004 3617 vinctum
1282 3547 1324 3613 25

214 3651 318 3718 Crura
333 3661 453 3721 sonant
468 3656 562 3741 ferro,
586 3656 644 3722 sed
661 3655 749 3721 canit
765 3656 849 3721 inter
865 3676 957 3740 opus.
996 3655 1052 3736 (ΙΙ,
1068 3655 1098 3737 6,
1116 3651 1255 3735 19-26)

194 3949 226 4017 ⁵²)
244 3954 398 4006 correctum
416 3951 445 4004 in
463 3949 577 4019 piscis.

196 4036 228 4104 ³³)
246 4041 401 4092 correctum
419 4036 447 4090 in
465 4037 557 4106 ,tirio‘.

192 4123 225 4185 Μ)
245 4123 321 4181 Viae,
341 4139 418 4179 exce.
434 4124 504 4191 ‚citt
