2948 4500
638 248 843 351 ,1-

55 454 59 467 “
151 454 312 537 equitibus
330 456 468 543 Polybio
492 462 575 522 teste
599 465 693 524 erant
707 457 868 540 facienda,
892 478 956 523 non
977 456 1098 523 eadunt
1120 457 1154 523 in
1169 459 1335 527 Tibullum

148 558 359 643 eiusdemque
382 560 507 627 ordinis
523 562 671 628 homines
695 600 735 612 -
759 562 794 627 id
817 562 905 645 qnod
928 561 1052 653 fugisse
1073 563 1126 628 vel
1145 564 1335 632 Dissenium

149 663 431 731 1111111111-
455 673 563 732 tamen
588 667 726 750 Tibullo,
761 666 816 750 qui
840 667 894 732 vin
919 688 1038 732 annum
1069 666 1102 731 11
1126 669 1338 735 contubernio

152 766 330 834 Messallae
353 771 561 856 militaverat,
585 791 704 854 magno
729 791 828 855 opere
851 770 1028 836 timendum
1052 777 1132 853 erat,
1156 791 1195 836 ne
1220 772 1336 838 iterum

150 873 194 938 ad
218 874 337 939 bellum
360 875 446 957 quod
470 882 545 941 tuno
568 875 602 940 in
626 875 775 942 omnibus
804 875 870 941 fere
891 874 1024 940 orientis
1046 875 1195 958 partibus
1218 876 1339 961 flagra·

150 978 206 1042 bat
229 985 434 1044 evocaretur.
478 980 567 1062 quod
599 979 627 1046 si
656 979 765 1064 fieret,
816 981 849 1045 ui
879 979 971 1045 licuit
1002 985 1121 1063 poetae
1151 987 1337 1047 contentum

149 1081 260 1148 vivere
290 1083 421 1167 parvo?
465 1083 549 1150 inter
579 1104 741 1150 armorum
781 1083 950 1168 strepitum
982 1090 1070 1148 certe
1107 1104 1170 1148 non
1202 1085 1336 1151 licebat:

149 1187 252 1270 igitur
279 1194 429 1271 optumus
459 1188 605 1254 redditur
637 1207 752 1253 sensus
787 1188 928 1268 ,konntc
959 1185 1011 1251 ioh
1042 1184 1138 1270 jetzt,
1168 1208 1228 1253 nur
1254 1188 1338 1274 jetnt

154 1291 320 1357 aufrieden
353 1292 411 1357 mit
445 1292 583 1357 meinem
616 1291 766 1375 wenigen
799 1293 909 1374 leben,
943 1291 1012 1356 fern
1047 1311 1111 1355 von
1145 1292 1240 1375 krieg
1271 1293 1336 1358 und

151 1395 437 1478 11111111111111111α
463 1400 505 1478 (v.
537 1397 603 1481 26).
649 1416 746 1478 quam
771 1415 846 1461 vero
871 1394 1139 1461 Schneidewinus
1168 1397 1339 1480 proposuit

152 1506 184 1564 et
207 1499 382 1566 Muellerus
404 1500 558 1584 probavit
579 1499 677 1582 ,111111ι
701 1520 759 1583 pro
783 1499 901 1579 ,modo‘
922 1500 1104 1581 lectionem,
1136 1498 1211 1565 ideo
1233 1501 1338 1583 proba

154 1625 218 1669 non
242 1605 385 1686 videtur,
415 1604 500 1686 quod
532 1605 636 1669 oratio
668 1604 704 1667 fit
733 1603 827 1668 nimis
860 1603 1011 1686 quaesita
1042 1610 1139 1685 atque
1168 1611 1339 1670 remotaa

153 1708 297 1773 eandida
321 1709 500 1774 Tibulliani
524 1707 682 1773 sermonis
707 1707 926 1791 simplicitate.
972 1707 1143 1791 Propertio
1176 1708 1204 1774 si
1234 1707 1340 1772 vindi-

152 1820 290 1895 caretur,
314 1813 419 1878 minus
442 1813 582 1878 fortasse
606 1811 741 1876 haberet
766 1810 954 1877 offensionis
982 1809 1063 1876 haec
1085 1811 1216 1896 locutio,
1240 1832 1339 1895 quam

152 1923 283 2001 optume
307 1917 480 1983 convenire
505 1915 635 1981 Horatii
666 1923 699 1981 et
722 1915 867 1980 Senecae
897 1913 1049 1998 epistulis
1081 1915 1172 1999 (Hor.
1210 1935 1284 2001 epp.
1314 1917 1339 1998 Ι,

154 2023 202 2105 18,
228 2023 305 2087 1011
341 2021 453 2087 Seneo.
477 2039 551 2105 epp.
575 2020 612 2102 V,
641 2021 660 2084 6
692 2019 771 2103 (47),
803 2019 864 2099 Vl,
897 2017 1026 2103 3(55),
1056 2018 1133 2084 dial.
1161 2020 1209 2105 X,
1240 2022 1273 2104 1,
1305 2022 1338 2103 6)

151 2145 245 2190 nemo
270 2145 351 2191 sane
382 2124 587 2190 diffitebitur:
621 2122 679 2187 sed
710 2123 750 2188 de
779 2123 908 2187 Tibullo
939 2122 1036 2206 valde
1068 2122 1190 2189 dubito.
1235 2144 1339 2207 neque

152 2230 232 2296 illud
257 2231 467 2296 omittendum
491 2234 559 2313 est,
586 2234 689 2293 totam
712 2221 851 2309 elegiam
875 2226 1000 2311 spirare
1030 2226 1185 2308 gandium
1208 2249 1340 2313 recupe-

154 2340 248 2399 ratae
270 2334 386 2399 Deliae
410 2354 513 2415 neque
538 2339 604 2397 tam
637 2331 700 2395 sibi
724 2351 820 2412 quam
844 2331 974 2415 puellae
1005 2330 1116 2396 vivere
1139 2333 1224 2399 velle
1247 2334 1341 2419 profi-

153 2437 214 2503 teri
251 2445 380 2521 poetam
415 2438 467 2522 (oi.
506 2459 536 2502 v.
566 2437 607 2500 57
639 2456 701 2519 ss,
735 2435 801 2518 69).
855 2434 993 2517 denique
1031 2436 1130 2500 etiam
1170 2439 1340 2504 verborum

154 2541 336 2607 conlocatio
354 2542 473 2626 ,modo‘
488 2562 584 2624 quam
601 2539 701 2625 ,mihi‘
725 2541 917 2623 scripturae,
941 2539 975 2603 ni
991 2537 1095 2620 fallor,
1117 2541 1224 2624 magis
1241 2543 1341 2610 favet.

154 2653 294 2712 ceterum
324 2646 407 2712 alias
436 2665 561 2728 quoque
584 2643 766 2710 adhibitam
797 2642 944 2708 invenies
968 2643 1084 2727 ,modo‘
1114 2646 1203 2728 apud
1232 2647 1342 2713 Tibul-

154 2751 218 2815 lum
242 2750 357 2816 eadem
380 2769 445 2832 qua
472 2755 582 2814 nostro
605 2748 677 2813 loco
701 2753 734 2811 et
766 2746 1007 2829 significatione
1038 2748 1091 2830 (cl.
1121 2751 1147 2833 I,
1176 2752 1213 2834 6,
1245 2752 1342 2818 6111

154 2855 210 2939 IV,
236 2855 268 2938 4,
302 2856 354 2936 16)
379 2861 411 2919 11
434 2851 658 2919 conlocatione
683 2850 716 2914 in
739 2850 836 2934 primi
857 2850 953 2935 pedis
976 2851 1061 2917 thesi
1085 2853 1137 2938 (ef.
1168 2855 1194 2939 Ι,
1226 2863 1255 2938 l,
1286 2855 1342 2922 58:

155 2962 180 3044 I,
204 2961 239 3042 6,
269 2960 328 3024 641
357 2960 390 3041 I,
425 2967 454 3040 6,
477 2959 535 3023 611
566 2957 609 3040 ΙΙ,
631 2956 662 3040 4,
685 2955 741 3019 59:
772 2956 827 3037 IV,
858 2955 888 3037 4,
914 2955 1055 3041 161111,
1086 2959 1206 3042 6,10).
1251 2981 1344 3046 prae·

156 3070 246 3130 terea
277 3071 312 3128 ut
341 3062 463 3128 codicis
493 3058 717 3144 Frisingensis
753 3060 948 3144 scripturam
983 3060 1100 3145 ,modo‘
1131 3082 1275 3149 servem,
1304 3086 1342 3131 eo

155 3169 265 3251 magis
289 3187 502 3250 commoveor,
531 3164 618 3248 quod
642 3164 752 3230 nescio
780 3185 823 3229 an
847 3165 943 3231 etiam
968 3173 1147 3233 ceterorum
1178 3177 1344 3255 excerpto·

158 3294 226 3339 rum
250 3273 357 3357 prima
388 3292 502 3338 manns
530 3270 578 3335 ita
608 3287 735 3334 versum
764 3268 963 3354 exhibuerit,
994 3292 1069 3336 nam
1100 3273 1263 3360 Guyetnm
1292 3298 1343 3362 ,ex

157 3377 307 3461 vestigiis
349 3383 575 3459 excerptorum
617 3373 788 3455 Scaligeri‘
828 3375 1003 3458 protulisse
1046 3378 1131 3445 hano
1171 3381 1343 3448 lectionem

157 3483 232 3565 ,iam
263 3482 360 3548 modo
389 3481 453 3545 iam
483 3478 626 3564 1111111ι
649 3484 788 3543 11111111
817 3479 887 3546 Nic.
918 3480 1071 3547 Heinsius
1101 3484 1190 3566 apud
1221 3486 1345 3552 Brouk-

158 3586 287 3652 husium
309 3608 340 3671 p.
362 3582 483 3665 443.12)
517 3581 636 3665 ,modo‘
658 3583 830 3648 lectionem
865 3584 961 3649 stiam
987 3587 1029 3651 ab
1052 3586 1215 3671 Hauptio,
1251 3610 1344 3672 quem

158 3689 399 3757 Schneidewini
429 3687 647 3753 coniecturam
671 3707 736 3752 non
766 3687 938 3770 ignorasse
970 3696 1058 3755 certo
1082 3691 1163 3774 seio,
1185 3699 1345 3759 retentam

154 3814 229 3861 esse
251 3795 357 3862 video.

216 4058 245 4122 12)
264 4052 404 4126 Scaligeri
424 4058 559 4121 excerpta
581 4068 636 4108 non
656 4057 687 4105 ut
706 4050 780 4108 falso
806 4054 878 4122 apud
898 4055 1107 4112 Lachmannum
1128 4058 1255 4128 aliosque
1275 4059 1349 4113 inve-

263 4143 341 4198 nitur
356 4157 484 4210 ,possum
502 4140 610 4209 quippe
629 4153 685 4208 ego
705 4139 770 4193 1111ι
789 4142 840 4196 sed
858 4143 899 4197 sic
917 4148 949 4198 ut
966 4144 1216 4201 Nostradamensia
1235 4146 1348 4216 ,quippe

246 4238 307 4287 ego
323 4228 382 4278 iarn
396 4230 532 4294 1111111ί
548 4228 698 4288 debebant
716 4230 836 4290 Heinsio
858 4231 1064 4304 Scaligeroqne
1080 4235 1147 4303 ipso
1163 4234 1296 4289 testibus.
