2948 4500
140 348 318 434 ,Garunna‘
342 348 524 434 scripturae
554 350 585 415 in
611 351 776 417 codicibus
805 372 864 416 nec
892 352 967 417 vola
998 352 1039 418 sit
1062 372 1122 418 nec
1145 352 1327 437 vestigium.

141 456 229 539 apud
253 455 390 520 eundem
414 455 479 539 ΙΙΙ,
507 455 547 517 87
573 455 644 519 eod.
660 455 764 519 Paris.
789 476 835 538 pr.
856 457 991 539 praebet
1015 456 1193 538 ‚Garunnit
1232 457 1326 523 vides

141 560 242 643 igitur
271 559 505 643 Nipperdcium
542 559 650 642 potius
682 560 895 624 inveteratam
934 560 1200 627 consuetudinem
1231 582 1326 643 quam

142 671 346 747 optumorum
363 663 509 727 codicum
527 663 753 727 auctoritatem
779 672 922 728 secntum
946 684 1028 746 esse,
1053 686 1123 729 emn
1139 666 1327 746 ‚Garumna‘

74 796 78 803 ·
140 768 277 835 formam
301 767 470 852 reciperet.
493 773 664 849 praeterea
687 768 721 831 in
745 768 916 850 Pomponii
941 769 1046 833 Melae
1070 770 1161 835 libris
1185 792 1256 835 cum
1279 777 1328 835 ter

140 872 282 937 fluminis
305 872 400 937 istius
424 890 541 936 nomen
564 871 703 953 legatur,
735 878 784 936 ter
809 872 1020 938 novissimum
1050 873 1204 939 editorem
1218 874 1255 955 ¹4)
1286 895 1327 938 ex

143 976 284 1059 optumis
307 975 485 1058 codicibus,
509 974 720 1057 praeeipuee
744 976 856 1040 codiee
880 976 1041 1042 Vaticano
1065 998 1151 1043 saec.
1175 978 1252 1042 noni
1275 980 1326 1044 vel

142 1080 276 1164 decimi,
314 1079 491 1165 ,Garunna‘
529 1078 665 1143 fornram
700 1079 882 1144 restituisse
919 1081 1058 1164 repperi.
1104 1102 1187 1146 unus
1224 1082 1327 1148 codex

143 1183 362 1249 berolinensis
404 1183 461 1248 sed
497 1202 582 1247 saec.
617 1183 889 1264 XV'‚Gar0nna‘
923 1184 1060 1249 formam
1094 1185 1202 1252 habet.
1260 1195 1326 1252 tum

142 1289 230 1373 apud
268 1287 408 1353 Plinium
437 1287 470 1351 in
501 1287 644 1352 naturali
676 1287 813 1351 historia
842 1289 901 1371 IV,
936 1289 972 1352 31
1009 1292 1027 1365 ξ
1059 1289 1119 1354 105
1152 1293 1327 1356 novissime

142 1393 349 1459 Detlefsenus
360 1390 399 1471 15)
430 1392 608 1476 ,Garunna‘
639 1392 771 1475 scripsit
805 1412 955 1458 maxume
992 1400 1025 1457 ut
1054 1401 1132 1476 puto
1163 1395 1325 1461 Vossiano

143 1497 255 1564 codice
284 1497 406 1562 saeculi
436 1497 484 1563 lX
514 1497 613 1561 nisus.
658 1495 791 1561 Ausonii
822 1518 918 1580 porro
959 1497 1101 1562 eoclieem
1131 1499 1326 1564 Vossiauum

143 1602 250 1687 (epist.
273 1602 332 1683 22,
361 1600 415 1682 73)
436 1600 633 1684 ,Garunnae‘
653 1601 789 1665 formam
815 1602 968 1666 exhibere
990 1602 1062 1684 ipse
1086 1602 1259 1668 Muellerus
1282 1611 1327 1668 te·

142 1711 256 1771 statur.
279 1705 400 1789 legitur
413 1713 585 1790 praeterea
601 1705 661 1770 boe
675 1705 865 1770 vocabulum
879 1705 999 1786 quinqu
1013 1705 1174 1788 iensapncl
1191 1708 1327 1773 eundem

143 1809 332 1893 Ausonium,
366 1812 465 1875 semel
488 1808 575 1893 apud
598 1808 802 1873 Arnmianum
825 1808 1046 1874 Marcellinum
1070 1810 1141 1891 XV,
1167 1813 1216 1893 11,
1239 1811 1327 1895 apud

142 1914 371 1999 Symmachum
407 1913 501 1997 epist.
525 1914 581 1996 ΙΧ,
617 1915 667 1995 88,
698 1912 786 1997 apud
810 1912 1025 1978 Claudianum
1056 1913 1087 1977 in
1111 1913 1260 1978 Rufinum
1284 1917 1327 1998 ll,

145 2018 223 2101 113,
257 2018 345 2102 apud
376 2016 543 2083 Sidonium
580 2017 800 2101 Apollinarem
830 2017 946 2100 XXII,
984 2018 1044 2081 108
1075 2023 1108 2081 et
1145 2018 1224 2101 Vll,
1255 2020 1328 2104 3971,

141 2142 275 2205 qnorum
300 2122 439 2187 omnium
473 2142 555 2203 quae
587 2122 715 2205 inspexi
747 2121 948 2204 exemplaria
977 2120 1168 2202 ,Garunma‘
1198 2122 1328 2203 quidem

141 2227 310 2309 praebent,
335 2226 393 2291 sed
417 2245 521 2308 neque
538 2226 622 2291 iusto
642 2230 805 2309 apparatu
822 2225 933 2290 critico
951 2232 1025 2290 sunt
1041 2226 1199 2291 instructa
1222 2245 1328 2309 neque

140 2332 206 2395 iam
230 2350 311 2415 opus
336 2330 396 2395 erit
419 2330 529 2396 borum
555 2329 726 2412 araquirere
749 2330 938 2412 scripturas
963 2330 1039 2410 quia
1063 2331 1328 2413 conspirantibus

140 2442 287 2499 veterum
310 2433 503 2517 scriptorum
535 2434 676 2518 optumis
709 2441 740 2498 et
771 2432 1001 2498 vetustissimis
1032 2434 1123 2498 libris
1152 2434 1328 2499 absurdum

44 2566 46 2571 ·
141 2544 192 2602 est
216 2538 378 2620 dubitare,
409 2538 485 2619 quin
508 2538 644 2622 propria
676 2544 707 2603 et
737 2557 819 2602 vera
851 2537 893 2601 sit
915 2537 1020 2601 forma
1043 2537 1231 2620 ‚Garunna‘‚
1255 2559 1327 2623 pre-

140 2643 221 2707 bata
244 2641 341 2707 etiam
367 2641 564 2707 Schneidero
587 2663 689 2725 gram.
716 2642 772 2707 lat.
789 2644 814 2725 l,
830 2662 904 2724 pag.
926 2640 998 2724 505,
1022 2641 1097 2706 licet
1119 2650 1325 2725 repugnante

141 2744 360 2829 Danvillio¹⁶>
384 2766 460 2830 pag.
483 2747 557 2814 341.
580 2749 621 2830 ,u‘
644 2746 769 2811 vocalis
792 2748 825 2809 in
851 2746 910 2809 boc
935 2745 1063 2810 nemine
1085 2747 1325 2831 pronuntiatae,

141 2870 205 2915 non
229 2851 460 2932 pronuntiatae
482 2851 534 2933 ‚m‘
556 2850 765 2915 consonantis
790 2848 887 2914 ctiam
912 2849 1031 2914 Graeci
1064 2850 1202 2914 eitentur
1225 2856 1324 2915 testes

140 2960 209 3019 tum
239 2953 411 3019 Strabonis
433 2952 573 3037 codices,
596 2955 651 3035 qni
674 2973 784 3018 omnes
817 2955 847 3017 in
874 2949 1037 3045 saporivae
1059 2954 1229 3019 lectionem
1254 2976 1327 3019 eon-

140 3058 284 3124 sentiunt
306 3058 360 3141 (cf.
385 3058 502 3122 Strabo
531 3059 587 3140 IV,
616 3080 692 3142 pag.
719 3059 796 3140 177,
832 3060 907 3139 189,
942 3060 1018 3139 190,
1054 3060 1129 3139 193,
1160 3059 1326 3141 1991111111

141 3162 300 3227 Marciani
319 3162 531 3228 Heracleotae
556 3163 639 3245 libri,
663 3162 781 3245 quippe
799 3162 851 3242 qui
868 3164 1048 3245 praebeant
1065 3163 1170 3245 ipsam
1190 3159 1328 3253 saporiv-

140 3390 305 3401 ψ.
312 3394 331 3399 ...
341 3395 347 3400 .

197 3512 226 3580 ¹⁴)
244 3512 392 3580 Pomponii
411 3512 500 3566 Melae
519 3513 553 3566 de
584 3511 794 3579 chouogmpbia
822 3512 885 3566 libri
913 3519 979 3566 trec.
1021 3512 1057 3566 ad
1084 3511 1218 3566 librorum
1246 3528 1327 3566 manu

245 3600 411 3667 scriptorum
429 3599 512 3653 fidem
531 3597 622 3652 edidit
651 3601 781 3667 notisque
800 3599 905 3653 criticis
923 3599 1058 3652 instruxit
1078 3597 1212 3667 Partney,
1242 3596 1327 3652 Bere·
1376 3636 1381 3645 .

244 3684 293 3739 lini
316 3686 389 3740 1867.

196 3774 226 3841 ¹⁵)
244 3772 328 3826 Plinii
347 3772 468 3827 Secundi
488 3772 623 3826 naturalis
642 3772 761 3827 historia
780 3773 823 3826 ed.
844 3770 998 3838 Detlefseu,
1024 3772 1080 3827 vol.
1099 3772 1207 3838 1411,
1242 3772 1326 3827 Boro-

245 3859 293 3913 lini
315 3860 493 3913 1866-1868,

196 3947 226 4012 ¹⁶)
244 3962 268 4003 v.
288 3947 426 4011 Danvllle,
454 3947 549 4000 notice
577 3961 624 4000 sur
651 3946 803 3999 l’aueienne
824 3945 920 3999 (lonle.
960 3944 1059 4000 librum
1086 3945 1152 3999 milri
1169 3946 1258 4012 ipsum
1288 3945 1327 3998 in-

245 4035 353 4101 spicere
383 4051 438 4087 non
459 4033 593 4102 contigit,
623 4033 731 4086 rettulit
760 4033 794 4085 de
820 4048 854 4087 ec
874 4032 1002 4100 Silligius
1021 4034 1056 4087 ad
1076 4032 1161 4086 Plinii
1182 4038 1238 4087 nat.
1260 4032 1325 4086 hist.

243 4120 292 4190 1v,
311 4123 343 4177 31
362 4126 377 4186 e
400 4122 455 4176 105.
