2948 4500
704 1300 751 1402 Ι.

279 1646 365 1746 De
412 1646 681 1776 excerptis
726 1616 1184 1774 Frisingensibus‘.

245 1987 480 2071 Excerptorum
495 1987 529 2052 in
553 1994 644 2053 textu
660 1987 782 2052 Tibulli
798 1987 1000 2054 restituendo
1023 1987 1146 2072 primus
1163 1987 1323 2053 rationem

141 2088 256 2155 habuit
279 2091 308 2155 J.
332 2091 400 2158 Jos.
433 2091 590 2174 Scaliger.
643 2091 671 2156 is
701 2093 784 2156 enim
814 2099 944 2176 praeter
975 2092 1104 2158 codices
1127 2091 1325 2157 recentiores

142 2200 174 2258 et
204 2193 420 2279 interpolatos
451 2201 483 2260 et
512 2202 643 2279 praeter
674 2195 1052 2279 Cuicul-‘fragmentum
1090 2196 1171 2261 illud
1203 2215 1328 2280 ,perop
1438 2252 1441 2257 ⁴

141 2296 253 2361 timum
276 2305 309 2363 et
332 2298 644 2364 emendatissimum‘
666 2299 765 2364 ctiam
789 2306 944 2383 excerpta
960 2301 1146 2366 Tibulliana
1170 2300 1203 2364 in
1227 2299 1329 2363 mani-

142 2401 202 2466 bus
225 2399 377 2484 habebat,
403 2422 486 2483 quae
512 2402 585 2486 ipse
608 2409 798 2486 pervetusta
821 2410 918 2468 vocat
949 2412 982 2468 et
1013 2404 1130 2486 quibus
1152 2403 1325 2487 plurimum

143 2524 178 2568 se
197 2489 349 2570 'adiutum
378 2525 450 2570 esse
472 2507 640 2590 profitetur
664 2506 716 2588 (cs.
741 2507 791 2571 ed.
816 2526 833 2571 e
858 2507 1047 2590 bibliopolio
1071 2506 1327 2571 Commeliniano

145 2628 176 2672 a.
201 2609 294 2692 1600,
319 2615 413 2673 castt.
436 2628 467 2692 p.
493 2610 554 2674 125
576 2609 626 2691 Β).
663 2619 738 2694 post
763 2632 833 2676 eum
858 2619 968 2676 nostro
993 2611 1124 2675 saeculo
1149 2609 1328 2674 Lachman-

142 2732 203 2777 nus
227 2720 380 2796 excerpta
404 2712 568 2778 Vincentii
592 2713 853 2798 Bellovacensis,
884 2713 937 2795 qui
970 2714 1058 2778 eirca
1081 2734 1201 2778 annum
1225 2712 1326 2777 mille·
1393 2716 1396 2723 “

143 2813 258 2880 simum
286 2816 541 2882 ducentesimum
572 2817 875 2899 quinquagesimum
897 2815 1049 2901 florebat,
1073 2816 1105 2882 in
1129 2823 1323 2901 apparatum
1402 2896 1406 2903 ⁴

143 2918 287 2983 criticum
312 2919 433 2984 Tibulli
456 2920 592 3003 recepit:
622 2920 888 3002 Frisingensibus
919 2940 996 2985 vero
1027 2922 1190 3004 excerptis
1223 2919 1326 2984 Lach-

142 3042 281 3087 mannus
303 3023 448 3088 nondum
477 3043 555 3089 usus
579 3030 643 3108 est,
674 3029 869 3107 accepturus
893 3023 978 3088 enim
1003 3030 1074 3089 erat
1096 3024 1224 3089 illorum
1247 3043 1324 3107 apo·

143 3126 293 3210 graphon
324 3147 344 3190 a
374 3126 535 3210 Docenio‚
569 3127 633 3191 nisi
671 3147 757 3192 mors
788 3126 873 3192 hunc
908 3128 1116 3194 abstulisset:
1155 3127 1328 3192 Dissenius

143 3230 273 3313 quidem
298 3229 470 3296 duodecim
492 3231 573 3296 locis
606 3232 636 3313 Ι,
670 3233 698 3316 1,
720 3232 757 3296 2:
788 3232 813 3315 1,
838 3234 866 3313 1,
890 3233 926 3296 6:
950 3232 976 3315 Ι,
1008 3236 1040 3317 1,
1068 3231 1125 3297 25:
1153 3233 1179 3313 Ι,
1213 3234 1241 3314 1,
1270 3230 1331 3294 34:
1365 3294 1367 3299 .

144 3335 171 3416 1,
205 3337 232 3417 1,
264 3334 319 3399 ll:
350 3336 376 3418 1,
406 3336 437 3419 2,
469 3336 525 3400 19:
557 3334 581 3417 Ι,
610 3337 639 3419 6,
668 3335 724 3399 34:
755 3335 780 3419 1,
813 3335 841 3419 Ι,
874 3335 929 3399 12:
959 3336 984 3419 1,
1007 3338 1036 3418 8,
1058 3336 1116 3401 51:
1139 3337 1198 3419 ΙΙΙ,
1220 3337 1251 3418 3,
1273 3336 1332 3399 22:
1374 3402 1377 3407 ,

144 3438 206 3523 ΙΙΙ,
237 3440 268 3523 6,
298 3439 356 3504 44:
387 3440 446 3521 ΙΙΙ,
477 3441 505 3523 6,
534 3439 576 3504 52
599 3445 632 3503 et
653 3438 753 3504 semel
776 3439 801 3521 Ι,
827 3442 855 3523 1,
879 3440 917 3504 71
943 3460 983 3505 ne
1006 3445 1093 3505 recte
1116 3438 1246 3521 quidem
1263 3439 1333 3504 Fri-

146 3543 347 3627 singensium
368 3544 554 3625 eclogarum
578 3542 756 3627 scripturas
776 3544 912 3627 notavit,
936 3543 993 3609 sed
1016 3543 1072 3626 ita,
1096 3549 1132 3608 ut
1155 3543 1196 3608 de
1220 3546 1332 3630 ampli.-

148 3646 260 3711 tndine
285 3666 396 3711 earum
424 3656 457 3711 et
485 3646 630 3712 bonitate
659 3668 699 3712 ex
721 3647 785 3713 illis
808 3647 928 3713 notulis
952 3652 1042 3711 certa
1062 3647 1204 3713 minume
1228 3648 1332 3714 statui

144 3757 296 3833 possent:
332 3771 428 3833 quam
455 3751 496 3816 ob
527 3742 677 3818 caussam
703 3752 835 3818 tandem
866 3750 1043 3833 aliquando
1075 3751 1265 3836 diligentius
1289 3773 1330 3825 ca

148 3859 301 3920 excutere
324 3875 388 3921 non
412 3856 454 3920 ab
478 3875 512 3920 re
537 3855 720 3921 videbatur.

252 3957 333 4024 Oum
355 3959 583 4026 Lachmannus
612 3965 767 4043 excerpta
789 3959 1027 4046 Frisingensia,
1059 3981 1143 4045 qnae
1170 3968 1334 4029 vetustate

147 4082 260 4131 omnes
276 4069 362 4145 certe
379 4063 507 4130 codices
531 4070 628 4147 atque
651 4062 738 4128 haud
762 4064 829 4130 scio
853 4085 898 4130 an
919 4065 1026 4131 etiam
1045 4073 1213 4146 exempta
1230 4065 1352 4125 omma

1220 4173 1258 4224 X*
