2948 4500
1257 39 1272 173 1

720 132 742 204 4

631 232 835 240 -u-———-———--

142 353 297 430 superant
326 384 365 395 -
389 365 464 411 nam
493 349 622 414 saeculo
651 349 857 434 undecimo‘l)
889 356 1027 414 exarata
1058 346 1165 431 sunt³l
1195 388 1239 398 —
1262 356 1349 416 non'

144 449 276 516 diversa
299 471 370 517 esse
400 472 421 516 a
444 452 667 519 Vincentianis
692 461 723 518 et
747 453 969 537 Scaligeranis
993 454 1221 538 suspicaretur,
1248 453 1330 518 mihi

143 555 313 638 quideme
338 557 451 640 paucis
471 556 615 623 Dissenii
639 557 723 623 notis
746 579 973 642 persuaseram
997 578 1061 624 non
1085 557 1221 623 eandem
1245 557 1330 623 haec

141 668 238 743 atque
261 667 371 726 cetera
393 661 513 727 referre
536 662 706 745 originem,
738 662 823 744 quod
846 662 912 739 iarn
936 662 1151 728 certissimum
1174 661 1253 726 mihi
1277 667 1330 727 est

140 763 278 847 sactum,
314 773 487 848 postquam
515 766 731 850 apographon
761 765 842 832 illud
875 766 1013 850 inspexi.
1067 767 1112 831 uti
1149 766 1235 830 eninr
1266 786 1328 848 pro

141 869 311 953 explorato
339 869 460 951 habeo,
489 878 643 955 excerpta
674 879 796 951 cetera,
832 869 872 934 de
901 870 1016 952 quibus
1044 870 1131 935 infra
1162 870 1344 953 copiosius

142 973 373 1057 disputandum
390 974 458 1056 erit,
483 975 577 1040 nnius
602 976 695 1057 quasi
717 974 856 1039 fluminis
881 994 951 1039 esse
975 974 1064 1039 riuos
1088 981 1185 1056 atque
1208 974 1327 1056 fossas,

139 1076 187 1141 ita
209 1077 304 1142 huius
328 1078 423 1143 rivuli
440 1099 567 1144 cursum
590 1099 631 1143 ex
654 1079 742 1144 illius
765 1078 905 1143 fluminis
929 1079 1023 1143 alveo
1047 1077 1229 1143 derivatum
1254 1098 1327 1144 esse

138 1183 322 1265 praefracte
346 1203 442 1266 nego.
478 1204 554 1248 nam
570 1190 798 1267 praeterquam
819 1183 905 1264 quod
921 1182 1147 1264 Frisingensia
1171 1187 1326 1265 excerpta

139 1287 257 1352 multos
275 1286 551 1370 comprehendunt
567 1307 681 1353 uersus
698 1307 778 1369 quos
802 1293 911 1352 cetera
932 1307 996 1350 non
1020 1286 1175 1351 exhibent
1197 1295 1230 1353 et
1253 1288 1325 1353 viee

138 1413 244 1476 versa,
272 1392 450 1475 scripturae
474 1393 506 1455 in
531 1392 577 1456 eis
601 1393 681 1457 locis
705 1412 785 1474 quos
810 1398 948 1473 utraque
970 1393 1130 1476 praebent
1153 1412 1227 1456 raro
1251 1411 1325 1456 oon·

139 1496 293 1575 sentiunt,
318 1480 519 1579 saepissime⁴
528 1496 725 1580 discrepant.
764 1496 853 1561 velut
876 1496 1066 1579 conspirant
1090 1501 1199 1560 cetera
1214 1495 1325 1560 omnia

138 1608 292 1684 excerpta
315 1599 373 1683 ΙΙΙ,
398 1601 427 1680 6,
450 1600 580 1663 43-44
603 1601 635 1663 10
660 1600 743 1663 hano
767 1600 960 1683 scripturam

549 1704 638 1786 ‚felix
662 1704 844 1786 quicunque
869 1704 981 1768 dolore

447 1809 580 1873 alterius
603 1808 711 1872 didicit
733 1828 832 1891 posse
856 1828 972 1872 cavere
996 1813 1107 1883 s·urrru,‘

137 1913 209 1977 sola
233 1912 459 1994 Frisingensia
482 1913 603 1977 habent
669 1937 675 1952 ·

547 2016 637 2095 ‚ielix
660 2016 850 2098 quicumque
875 2016 985 2080 dolore

446 2121 581 2184 alterius
603 2120 706 2184 disces
728 2139 826 2203 posse
849 2139 965 2184 cavere
988 2124 1056 2183 tuuf

137 2226 164 2289 si
193 2227 288 2309 plura
315 2223 365 2289 vis
397 2224 545 2308 exempla
569 2223 607 2288 ef.
625 2224 656 2303 -Ι,
682 2211 709 2305 1,
732 2225 767 2288 6:
799 2224 823 2307 Ι,
850 2229 876 2305 1,
900 2223 955 2287 34;
979 2224 1004 2305 Ι,
1031 2227 1057 2306 l,
1080 2223 1139 2286 25:
1163 2224 1188 2305 I,
1211 2224 1242 2307 ὃ,
1266 2225 1322 2288 70:

138 2331 194 2410 ΙΙΙ,
218 2330 247 2412 3,
271 2330 327 2392 22:
351 2329 410 2408 ΙΙΙ,
433 2330 462 2410 6,
486 2329 537 2410 33,
559 2327 611 2408 35,
635 2325 718 2410 36.4)
755 2347 928 2408 quaecum
952 2326 1000 2391 ita
1016 2327 1089 2410 sint,
1114 2348 1177 2393 non
1194 2346 1321 2392 errasse

136 2433 324 2498 Muellerum
352 2431 490 2515 adparet
520 2452 560 2496 ne
588 2451 629 2496 ex
659 2430 774 2495 codem
798 2430 928 2513 quidem
956 2430 1066 2494 codiee
1089 2438 1226 2513 utraque
1249 2450 1323 2511 esse

137 2545 291 2620 excerpta
323 2535 580 2601 contendentem.
628 2541 767 2600 ceterum
791 2534 935 2599 dubitari
958 2555 1022 2599 non
1045 2542 1161 2619 potest,
1192 2535 1269 2616 quin
1292 2535 1321 2598 is

137 2640 241 2705 codex
258 2661 274 2706 e
294 2661 355 2722 quo
372 2639 598 2721 Frisingensia
622 2639 780 2722 originem
804 2639 927 2703 duxero
950 2646 985 2703 ut
1008 2640 1249 2704 vetustissimus
1271 2639 1320 2703 ita

137 2752 284 2828 optumus
301 2752 332 2808 et
348 2743 631 2808 emendatissimus
654 2743 761 2823 fuerit,
785 2742 938 2824 quoniam
961 2743 1193 2835 Frisingenses
1218 2745 1321 2826 serip-

136 2856 229 2913 turae
243 2851 430 2932 plerumque
450 2849 532 2912 alias
556 2866 666 2912 omnes
690 2847 922 2931 probabilitate
946 2860 1101 2930 superant
1124 2867 1228 2928 neque
1251 2847 1318 2912 ullo

137 2954 207 3019 loco
231 2960 265 3017 ut
296 2953 438 3018 ostendit
461 2952 635 3017 Muellerus
660 2951 920 3035 interpolationis
945 2955 1101 3034 praebent
1122 2952 1318 3034 vestigium:

187 3327 218 3403 ⁹²)
239 3335 344 3391 offendi
367 3335 496 3403 equidem
514 3335 542 3388 in
561 3335 691 3404 legendis
716 3335 856 3403 excerptis
881 3351 915 3390 ea
938 3350 983 3402 re,
1002 3334 1079 3403 quod
1105 3333 1215 3388 notaria
1234 3333 1322 3402 scrip·

239 3430 303 3478 rura
322 3406 358 3492 (h
376 3443 411 3470 =
428 3421 502 3490 minu,
527 3405 539 3476 t
558 3443 593 3469 =
611 3421 678 3490 suu,
697 3408 724 3475 h
747 3443 781 3470 =
800 3423 910 3489 moro),
935 3437 1016 3490 quam
1042 3422 1070 3475 in
1094 3421 1155 3476 arus
1173 3421 1321 3477 contortus

240 3526 329 3580 aeque
341 3510 475 3565 vestustis
487 3525 543 3563 non
561 3507 731 3578 frequentari
751 3515 871 3578 constat,
890 3512 1003 3577 saepius
1019 3507 1173 3576 reperitur:
1194 3513 1319 3563 attamen

238 3598 274 3652 lle
294 3602 388 3652 aetate
407 3597 512 3651 codicis
532 3596 715 3651 dubitandum
736 3612 792 3650 non
809 3597 929 3652 videtur.

197 3684 217 3752 ³)
236 3684 271 3739 de
291 3685 389 3740 codice
417 3685 551 3739 nonnulla
570 3685 679 3739 rettulit
698 3684 748 3739 Ed.
768 3681 946 3739 Woelfflinns
972 3684 1000 3737 in
1025 3682 1263 3738 commentatione
1282 3683 1318 3737 de

239 3769 361 3826 Publilio
380 3771 452 3841 Syro
470 3771 663 3840 mimographo
682 3774 710 3824 in
728 3771 873 3839 Philolog.
892 3771 983 3837 XXII,
1003 3787 1069 3838 pag.
1089 3771 1239 3824 431-468.

196 3859 216 3924 ⁴)
236 3858 334 3913 eodem
352 3860 435 3913 modo
454 3859 539 3912 etiam
558 3875 620 3913 cum
638 3858 766 3914 coelicum
792 3868 952 3914 nostrorum
971 3857 1119 3926 scripturis
1139 3873 1219 3911 exce.
1233 3856 1318 3912 Friss.

239 3961 296 3999 uon
311 3961 374 3999 raro
388 3944 549 4014 discrepare
572 3945 744 4014 observabis,
764 3947 841 4002 velut
860 3947 880 4002 l,
902 3948 926 4013 2,
949 3947 979 3999 19
998 3945 1061 3999 sola
1081 3944 1217 4012 praebent
1230 3944 1317 3999 Friss.

240 4030 325 4098 ,molli
336 4032 460 4101 derepere
472 4032 564 4101 leeto‘,
584 4049 645 4089 cum
664 4034 728 4088 libri
747 4038 863 4088 teneant
881 4049 977 4088 omnes
990 4032 1076 4091 ¹molli
1091 4033 1213 4086 decedere
1226 4032 1320 4103 lecto‘‚

239 4116 275 4174 cf.
294 4118 379 4173 etiam
397 4119 418 4187 Ι,
432 4121 456 4187 1,
474 4120 518 4176 25.
