2948 4500
629 146 834 247 „e-

140 357 215 424 Iam
238 379 296 425 seu
319 357 441 424 diversi
464 356 580 425 fremat
602 357 823 424 inconstantia
845 355 936 437 vulgi

142 463 242 528 Nemo
264 465 365 546 raupta
389 463 507 528 sedare
529 469 643 543 queat:
668 482 724 526 seu
747 461 865 525 iudicis
888 460 939 523 ira

142 567 190 631 Sit
213 567 386 649 placanda,
410 565 474 630 tuis
498 564 615 648 poterit
638 565 805 630 mitescere
829 563 949 628 verbis.
975 563 1044 648 (lv,
1072 568 1098 643 1,
1122 561 1262 643 45-47)

142 830 210 894 Neo
234 828 404 910 qnisquam
427 827 551 891 maiora
574 825 658 909 gerit
682 824 841 890 castrisue
867 824 979 889 forove

142 934 210 999 Nec
233 937 341 995 tamen
365 931 446 995 haec
468 938 525 996 aut
547 930 629 994 haec
651 930 710 995 tibi
732 930 804 993 laus
828 929 973 993 maiorve
996 929 1149 1010 minorve,
1282 926 1326 989 40
1415 950 1418 955 ·

144 1038 233 1125 lusta
257 1036 329 1120 pari
352 1035 507 1118 premitur
530 1034 631 1099 veluti
654 1054 726 1098 oum
750 1033 897 1117 pondere
922 1032 1016 1112 libra,

145 1140 251 1204 Prona
274 1158 332 1203 nec
355 1139 417 1202 1166
439 1139 514 1221 plus
537 1144 630 1222 parte
655 1138 747 1202 sedet
770 1156 830 1201 nec
853 1136 957 1218 surgit
980 1138 1022 1200 ab
1046 1135 1113 1215 illa,

145 1244 208 1307 Sed
229 1243 333 1325 166616
356 1243 491 1322 equitum
516 1242 543 1307 si
566 1242 697 1324 quando
722 1262 802 1306 onus
824 1248 919 1322 urget
942 1239 1090 1321 utrinque

144 1347 311 1412 Instabilis
335 1351 428 1410 natat
451 1330 576 1412 a'lterno
601 1344 787 1428 depressior
811 1345 898 1409 orbe.
923 1345 991 1427 (lV,
1018 1342 1233 1425 1,39-44)’

144 1606 226 1671 Nam
250 1615 281 1671 te
306 1626 370 1671 non
394 1606 478 1670 alius
503 1605 579 1670 belli
603 1612 691 1670 tenet
713 1605 823 1688 aptius
848 1611 945 1688 artes,

144 1709 216 1786 Qua
239 1710 354 1775 deceat
376 1716 478 1774 tutam
502 1709 618 1775 eastris
635 1709 822 1790 praedicere
843 1709 975 1791 fossam,
1070 1787 1074 1803 Ι

144 1813 291 1890 Qualiter
314 1813 472 1878 adversos
496 1813 581 1878 hosti
605 1813 748 1895 defigere
773 1833 902 1894 nervos,

145 1916 287 1991 Quemve
311 1918 416 1982 locum
439 1917 534 1982 ducto
558 1917 673 1982 melius
697 1916 739 1982 sit
763 1915 915 1981 claudere
939 1915 1041 1994 vallo,

144 2019 307 2084 Montibus
330 2027 365 2085 ut
389 2021 500 2086 dulces
523 2029 695 2105 erumpant
719 2027 804 2092 terra
828 2020 980 2102 liquores,

145 2123 188 2188 Ut
210 2123 392 2204 stabilisque
414 2125 479 2189 tuis
503 2125 612 2189 aditus
637 2125 678 2189 sit
701 2132 734 2188 et
756 2125 878 2189 arduus
903 2125 998 2208 hosti,

147 2227 269 2292 Laudis
293 2235 328 2293 ut
350 2228 484 2293 assiduo
508 2229 620 2311 rigeat
644 2229 818 2293 certamine
842 2228 944 2295 miles.

146 2332 225 2410 Quis
248 2332 362 2398 melius
385 2332 555 2397 tardamue
580 2332 691 2396 sudem
716 2333 895 2397 celeremue
919 2333 1074 2414 sagittam

104 2425 106 2429 ’
146 2435 274 2500 Miscuit
296 2442 353 2501 aut
376 2438 462 2501 lento
487 2436 682 2519 perfregerit
705 2435 803 2501 obvia
827 2436 918 2519 pilo?

146 2538 236 2603 Haut
258 2540 329 2621 quis
353 2560 467 2621 equum
491 2541 621 2605 66161666
644 2546 727 2605 croto
751 2560 958 2623 compescere
981 2540 1092 2605 fraeno

147 2642 257 2706 Possit
281 2650 312 2707 et
335 2643 455 2708 effusas
478 2645 573 2709 tardo
598 2647 785 2729 permittere
808 2646 962 2726 habenas,

148 2747 250 2828 Inque
273 2747 375 2812 vicem
400 2749 495 2815 modo
521 2749 643 2814 directo
666 2751 862 2816 contendere
885 2751 980 2833 giros

147 2850 226 2927 Quis
242 2850 407 2933 66166616)
431 2872 488 2917 sen
511 2853 627 2919 dextra
649 2856 728 2920 velit
751 2875 808 2921 seu
830 2856 934 2939 laeva,
958 2853 1078 2939 tueri*

149 2953 225 3018 Sive
250 2953 311 3017 1166
335 2955 404 3018 sive
427 2953 503 3020 illac
525 2959 630 3023 666161
650 2961 759 3041 procis
782 2959 921 3041 impetus
945 2959 1089 3025 hastae*

147 3057 302 3141 Anrplior,
327 3065 383 3124 aut
406 3059 538 3143 signata
561 3065 626 3127 cita
650 3064 721 3132 loca
745 3070 880 3146 tangere
904 3061 1059 3128 sundal*

148 3162 218 3224 lam
241 3162 334 3226 simul
357 3163 630 3231 udocrstoeuiout
652 3169 831 3232 6611616166
855 3168 971 3232 Martis

148 3266 368 3348 Adversisque
390 3275 506 3350 parent
529 3271 617 3336 acies
641 3292 831 3337 concurrere
855 3273 960 3355 signis

149 3369 231 3434 Tum
253 3369 313 3434 tibi
337 3391 400 3435 non
425 3370 510 3438 desit
533 3372 648 3440 faciem
673 3397 865 3461 componere
888 3398 1029 3461 pugnae,

148 3473 212 3539 Seu
233 3474 276 3539 sit
298 3495 378 3559 opus
403 3470 598 3559 ‘quadratum
621 3481 710 3547 acies
735 3483 893 3547 consistat
915 3482 949 3546 in
973 3502 1101 3565 agmen,

148 3581 267 3644 Rectus
289 3586 325 3645 ut
348 3581 497 3663 aequatis
521 3583 672 3650 decurrat
695 3585 856 3652 frontibus
879 3584 969 3667 ordo,

149 3683 215 3750 Seu
237 3683 340 3750 libeat
363 3685 525 3771 duplicem
546 3709 602 3757 seu
624 3690 768 3758 vinctum
790 3709 921 3757 cernere
945 3689 1092 3773 Martem,

149 3912 353 3926 unm—nond

200 4062 323 4195 1118661.
343 4121 418 4163 exce.
437 4087 559 4180 ,parmat
