2948 4500
721 176 764 246 39

141 379 334 477 praesertim
358 414 427 459 cum
451 392 549 476 longe
573 391 720 477 plurimis
744 391 824 459 loeis
840 391 995 458 metricas
1019 394 1072 458 vel
1095 391 1327 474 grammaticas

144 505 200 567 aut
224 498 349 580 logicas
374 499 415 563 ob
432 512 568 564 caussas
591 496 718 562 fraudis
741 503 906 579 comperta
930 497 1004 562 sint.
1039 496 1120 562 haec
1143 497 1209 562 fere
1229 497 1345 583 Muel-v

142 602 201 667 leri
237 602 491 685 argumentatio,
522 602 588 665 iarn
625 600 779 666 audiatur
810 608 843 665 et
873 601 978 667 altera
1006 621 1093 685 pars.
1138 621 1248 666 verum
1278 609 1328 667 est
1417 614 1421 621 “

141 725 245 787 neque
272 706 445 788 ,quisquam
481 725 559 771 sane
590 705 801 787 infitiabitur,
841 711 1049 788 excerptores
1084 704 1238 771 habuisse
1272 725 1328 770 our

141 811 349 875 immutarent
377 830 505 893 versus,
534 809 686 875 librarios
716 829 781 873 non
805 808 892 875 item.
939 809 997 874 sed
1028 808 1116 890 quod
1147 809 1198 875 bis
1230 809 1327 875 inter·

142 913 279 998 polandi
302 914 471 979 consilinm
496 934 534 978 ao
562 914 646 980 ratio
676 935 740 978 non
776 914 985 998 suppetebat,
1016 913 1093 978 inde
1122 932 1328 996 nequaquam
1423 906 1431 949 ·'

141 1019 174 1082 ni
204 1018 300 1083 fallor
328 1018 562 1083 consectarium
594 1024 658 1100 est,
690 1037 723 1082 re
756 1038 833 1082 vera
861 1016 1166 1101 interpolationibus
1196 1036 1250 1083 eos
1274 1017 1329 1082 ab·
1424 1022 1442 1081 .’

142 1122 319 1205 minuisse,
360 1122 457 1188 immo
493 1122 623 1187 codices
657 1128 786 1188 nostros
820 1128 946 1187 scatere
980 1119 1066 1186 vitiis
1101 1127 1133 1186 et
1165 1127 1328 1205 tamquam

142 1226 290 1292 ulcerosa
313 1247 352 1290 ao
376 1227 515 1292 distorta
539 1247 598 1292 nos
621 1228 765 1291 membra
788 1233 904 1308 poetae
934 1226 1055 1292 babere
1085 1225 1168 1291 satis
1191 1233 1328 1302 constat,

144 1331 206 1413 ipsi
231 1331 307 1395 Itali
331 1332 533 1396 saeculorum
555 1332 633 1398 XIV
658 1337 690 1396 et
712 1332 772 1395 XV
803 1350 884 1412 qnos
908 1329 1082 1395 Muellerus
1106 1330 1250 1395 carmina
1273 1352 1329 1415 po·

147 1435 210 1500 tius
234 1434 301 1499 alia
324 1455 341 1498 e
364 1434 494 1500 Tibullo
518 1456 614 1517 quarn
628 1435 794 1500 Tibullum
818 1455 857 1500 ex
881 1432 955 1499 aliis
972 1433 1126 1500 infecisse
1150 1436 1328 1520 contendit,

142 1559 268 1605 summa
299 1538 331 1603 in
361 1529 450 1604 textu
483 1539 683 1606 restituendo
712 1540 763 1604 usi
793 1545 867 1604 sunt
897 1538 1043 1622 licentia,
1075 1559 1171 1621 quam
1200 1539 1329 1622 quidem

144 1643 284 1709 minume
308 1643 511 1729 mirabimur,
542 1644 571 1709 si
602 1645 709 1727 qualis
739 1651 815 1709 tunc
845 1642 942 1709 fuerit
969 1643 1151 1708 litterarum
1182 1644 1328 1711 condicio

142 1748 390 1817 meminerimus.
436 1770 511 1814 nam
543 1737 695 1815 excitatis
719 1747 923 1830 antiquitatis
953 1747 1070 1812 studiis
1102 1767 1119 1814 e
1150 1749 1248 1832 longo
1280 1769 1330 1816 so·

141 1873 218 1935 pore
249 1873 319 1916 cum
357 1853 460 1918 multa
490 1859 699 1919 monumenta
733 1853 907 1937 praecipue
939 1872 1076 1917 romana
1107 1858 1329 1937 relegerentur

142 1963 174 2021 et
198 1976 293 2038 quam
323 1958 489 2023 celerrime
518 1959 551 2023 in
575 1958 816 2025 multitudinem
846 1956 1085 2040 evulgarentur,
1109 1976 1243 2038 cumque
1272 1956 1328 2022 vix

142 2062 240 2125 ullum
272 2062 348 2127 Itali
379 2069 508 2146 poetam
539 2063 662 2128 maiore
695 2070 727 2130 et
755 2062 917 2128 industria
947 2067 1127 2127 tractarent
1157 2067 1189 2126 et
1212 2061 1329 2129 ardore

146 2165 418 2248 amplecterentur
441 2187 538 2249 quarn
555 2168 727 2249 Tibullum,
751 2167 912 2233 facilitate
929 2165 998 2231 eius
1015 2171 1153 2243 venusta
1177 2165 1328 2250 simplici·
1408 2224 1410 2228 Α

145 2269 262 2351 quein
287 2270 505 2355 exprimendis
537 2272 636 2337 animi
671 2273 843 2338 affectibus
873 2269 1012 2336 veritate
1041 2268 1211 2352 delectati,
1243 2271 1330 2354 quod

145 2374 312 2456 elegantia
341 2375 447 2458 magis
478 2377 686 2441 venabantur
717 2383 749 2441 et
772 2377 938 2442 intellectu
969 2373 1081 2439 sacilia
1110 2373 1328 2458 adripiebant,

145 2498 240 2558 quam
265 2500 344 2544 vera
361 2479 564 2544 rimabantur
578 2482 631 2545 vel
655 2480 800 2546 diflicilia
817 2479 1117 2564 perscrutabantur,
1141 2477 1328 2545 immensum

146 2583 337 2648 mendarum
362 2590 393 2648 et
416 2583 704 2667 interpolationum
728 2605 893 2650 numerum
924 2605 989 2649 non
1012 2583 1108 2649 modo
1132 2583 1330 2666 reliquerunt

148 2686 207 2751 sed
242 2687 342 2751 etiam
373 2688 456 2753 ultro
486 2708 617 2755 auxere.
669 2689 798 2755 silentio
828 2695 998 2774 praetereo
1027 2687 1206 2754 Iohannem
1236 2687 1329 2752 Auri-

152 2812 245 2875 spam
270 2800 301 2857 et
324 2791 481 2858 Senecam
507 2792 688 2859 Camertem
711 2794 779 2859 suis
802 2792 995 2859 coniecturIs
1018 2793 1172 2858 librorum
1195 2793 1330 2857 lacunas

149 2896 344 2980 explevisse,
357 2916 416 2961 neo
430 2917 511 2981 opus
524 2903 573 2962 est
586 2918 750 2983 exponere
763 2899 910 2981 quotiens
924 2897 1052 2962 codices
1065 2897 1167 2963 nostri
1183 2897 1235 2962 vel
1247 2895 1330 2962 inter

98 3080 102 3091 ¹
147 3022 183 3066 se
205 3003 255 3066 vel
280 3022 300 3066 a
323 3001 501 3069 Ouiaciano
524 3009 673 3068 truncato
698 3003 859 3085 differant,
890 3021 950 3066 neo
972 3000 1075 3066 solum
1100 3000 1237 3082 singulis
1263 3019 1330 3065 ver-

147 3107 197 3171 bis
222 3106 280 3172 sed
303 3107 380 3172 totis
403 3107 536 3173 mutatis
560 3107 741 3192 sententiis,
765 3107 929 3172 sufficiunt
951 3105 1035 3170 eninr
1051 3125 1158 3189 pauca
1180 3104 1330 3188 exempla

147 3211 342 3277 aRiobtero
365 3232 440 3294 pag.
465 3212 503 3276 71
530 3231 571 3277 ss.
595 3214 735 3295 prolata.
781 3211 915 3277 missam
938 3209 1037 3294 igitur
1059 3208 1218 3276 iaciamus
1243 3208 1330 3275 codi-

148 3336 218 3380 cum
242 3315 461 3399 integritatem
486 3316 527 3380 ab
556 3316 650 3381 Italis
674 3316 820 3381 studiose
844 3321 1007 3381 servatam
1038 3333 1134 3395 quam
1156 3313 1331 3381 Muellerus

148 3440 251 3502 neque
274 3419 351 3484 mibi
373 3419 537 3503 persuasit
559 3439 664 3501 neque
686 3419 755 3485 fore
778 3419 874 3484 credo
898 3426 933 3484 ut
948 3418 1097 3502 cuiquam
1120 3418 1330 3501 persuaserit.

148 3532 183 3589 at
205 3530 411 3606 excerptores
435 3544 500 3588 non
524 3523 655 3588 dubium
688 3530 737 3589 est
760 3524 836 3606 quin
867 3523 981 3588 dedita
1011 3542 1112 3605 opera
1139 3542 1252 3588 versus
1276 3522 1331 3587 irn-

149 3627 353 3692 mutaverint.
399 3627 552 3710 concedo,
577 3627 635 3692 sed
659 3626 721 3692 hac
744 3647 778 3693 re
801 3647 916 3710 parum
933 3645 1152 3693 commoveor:
1176 3625 1224 3691 ita
1248 3626 1329 3692 enim

148 3731 215 3796 sere
252 3751 363 3796 omnes
404 3739 626 3815 excerptorum
664 3732 904 3797 immutationes
939 3738 1014 3796 sunt
1045 3738 1264 3816 comparatae,
1298 3739 1333 3798 ut

147 3837 245 3918 paulo
276 3835 460 3901 accuratius
494 3835 714 3901 consideranti
745 3835 842 3900 facile
874 3841 906 3899 et
934 3835 1143 3900 inveniantur
1171 3841 1203 3901 et
1232 3837 1333 3920 expli·

150 3945 270 4020 centur,
294 3939 328 4003 id
352 3941 439 4022 quod
464 3942 505 4006 de
528 3939 753 4007 Vincentianis
776 3939 946 4005 Itiehterus
970 3939 1113 4005 ostendit
1135 3960 1212 4023 pag.
1229 3942 1269 4005 57
1287 3961 1331 4024 ss,

151 4043 191 4108 de
214 4044 546 4110 Nostradamensibus
575 4044 646 4129 ipse
675 4043 761 4108 infra
784 4044 886 4108 fusius
915 4044 1099 4109 declarabo.
1142 4044 1242 4126 igitur
1271 4045 1333 4110 bac

140 4147 182 4211 xin
205 4166 239 4210 re
262 4166 377 4214 vereor
393 4169 432 4214 ne
457 4148 682 4215 nihilomnino
699 4148 896 4214 antecellant
912 4147 1041 4214 codices
1064 4147 1236 4232 excerptis,
1256 4148 1333 4231 quia
