<?xml version="1.0" encoding="UTF-8"?>
<!DOCTYPE html PUBLIC "-//W3C//DTD XHTML 1.0 Transitional//EN"
    "http://www.w3.org/TR/xhtml1/DTD/xhtml1-transitional.dtd">
<html xmlns="http://www.w3.org/1999/xhtml" xml:lang="en" lang="en">
 <head>
  <title>
</title>
<meta http-equiv="Content-Type" content="text/html;charset=utf-8" />
  <meta name='ocr-system' content='tesseract 3.04.00' />
  <meta name='ocr-capabilities' content='ocr_page ocr_carea ocr_par ocr_line ocrx_word'/>
</head>
<body>
  <div class='ocr_page' id='page_1' title='image "./deexcerptistibv01protgoog_0015.png"; bbox 0 0 2948 4500; ppageno 0'>
   <div class='ocr_carea' id='block_1_1' title="bbox 68 364 1413 1389">
    <p class='ocr_par' dir='ltr' id='par_1_1' title="bbox 137 364 1324 555">
     <span class='ocr_line' id='line_1_1' title="bbox 240 364 1324 452; baseline -0.003 -21"><span class='ocrx_word' id='word_1_1' title='bbox 240 365 291 431; x_wconf 88' lang='lat' dir='ltr'>Ex</span> <span class='ocrx_word' id='word_1_2' title='bbox 314 364 376 430; x_wconf 91' lang='lat' dir='ltr'>hac</span> <span class='ocrx_word' id='word_1_3' title='bbox 392 386 488 448; x_wconf 91' lang='lat' dir='ltr'>quam</span> <span class='ocrx_word' id='word_1_4' title='bbox 512 368 668 451; x_wconf 81' lang='lat' dir='ltr'>proposui</span> <span class='ocrx_word' id='word_1_5' title='bbox 691 368 795 432; x_wconf 84' lang='lat' dir='ltr'>souma</span> <span class='ocrx_word' id='word_1_6' title='bbox 818 365 974 452; x_wconf 90' lang='lat' dir='ltr'>primaria</span> <span class='ocrx_word' id='word_1_7' title='bbox 999 386 1094 448; x_wconf 87' lang='lat' dir='ltr'>quam</span> <span class='ocrx_word' id='word_1_8' title='bbox 1111 364 1208 431; x_wconf 89' lang='lat' dir='ltr'>sacile</span> <span class='ocrx_word' id='word_1_9' title='bbox 1229 385 1324 448; x_wconf 87' lang='lat' dir='ltr'>quom</span> 
     </span>
     <span class='ocr_line' id='line_1_2' title="bbox 137 468 1324 555; baseline -0.002 -21"><span class='ocrx_word' id='word_1_10' title='bbox 137 468 171 534; x_wconf 92' lang='lat' dir='ltr'>in</span> <span class='ocrx_word' id='word_1_11' title='bbox 195 470 308 536; x_wconf 90' lang='lat' dir='ltr'>codice</span> <span class='ocrx_word' id='word_1_12' title='bbox 337 471 540 554; x_wconf 80' lang='lat' dir='ltr'>Frisingensi</span> <span class='ocrx_word' id='word_1_13' title='bbox 564 472 702 554; x_wconf 89' lang='lat' dir='ltr'>legimus</span> <span class='ocrx_word' id='word_1_14' title='bbox 725 472 804 539; x_wconf 92' lang='lat' dir='ltr'>ordo</span> <span class='ocrx_word' id='word_1_15' title='bbox 829 471 976 536; x_wconf 85' lang='lat' dir='ltr'>evadere</span> <span class='ocrx_word' id='word_1_16' title='bbox 993 471 1137 555; x_wconf 90' lang='lat' dir='ltr'>potuerit</span> <span class='ocrx_word' id='word_1_17' title='bbox 1160 470 1265 536; x_wconf 91' lang='lat' dir='ltr'>elucet</span> <span class='ocrx_word' id='word_1_18' title='bbox 1276 469 1324 551; x_wconf 84' lang='grc'>11).</span> 
     </span>
    </p>

    <p class='ocr_par' dir='ltr' id='par_1_2' title="bbox 68 573 1413 1389">
     <span class='ocr_line' id='line_1_3' title="bbox 241 573 1413 660; baseline 0.001 -21"><span class='ocrx_word' id='word_1_19' title='bbox 241 574 306 640; x_wconf 87' lang='lat' dir='ltr'>Sed</span> <span class='ocrx_word' id='word_1_20' title='bbox 331 596 394 640; x_wconf 92' lang='lat' dir='ltr'>non</span> <span class='ocrx_word' id='word_1_21' title='bbox 412 576 491 641; x_wconf 89' lang='lat' dir='ltr'>solis</span> <span class='ocrx_word' id='word_1_22' title='bbox 507 576 743 659; x_wconf 81' lang='lat' dir='ltr'>posterioribus</span> <span class='ocrx_word' id='word_1_23' title='bbox 760 576 1027 660; x_wconf 78' lang='lat' dir='ltr'><strong>compilatoribus</strong></span> <span class='ocrx_word' id='word_1_24' title='bbox 1052 574 1174 640; x_wconf 90' lang='lat' dir='ltr'>turbati</span> <span class='ocrx_word' id='word_1_25' title='bbox 1200 573 1325 640; x_wconf 82' lang='lat' dir='ltr'>ordinis</span> <span class='ocrx_word' id='word_1_26' title='bbox 1407 616 1413 621; x_wconf 98' lang='lat'>-</span> 
     </span>
     <span class='ocr_line' id='line_1_4' title="bbox 137 675 1391 764; baseline -0.001 -20"><span class='ocrx_word' id='word_1_27' title='bbox 137 678 234 762; x_wconf 90' lang='lat' dir='ltr'>culpa</span> <span class='ocrx_word' id='word_1_28' title='bbox 257 678 430 745; x_wconf 89' lang='lat' dir='ltr'>tribuenda</span> <span class='ocrx_word' id='word_1_29' title='bbox 460 687 509 745; x_wconf 90' lang='lat' dir='ltr'>est</span> <span class='ocrx_word' id='word_1_30' title='bbox 538 702 650 746; x_wconf 86' lang='lat' dir='ltr'>verum</span> <span class='ocrx_word' id='word_1_31' title='bbox 682 703 722 747; x_wconf 89' lang='lat' dir='ltr'>ex</span> <span class='ocrx_word' id='word_1_32' title='bbox 752 688 844 764; x_wconf 89' lang='lat' dir='ltr'>parto</span> <span class='ocrx_word' id='word_1_33' title='bbox 874 681 973 744; x_wconf 93' lang='lat' dir='ltr'>etiam</span> <span class='ocrx_word' id='word_1_34' title='bbox 996 679 1100 763; x_wconf 89' lang='lat' dir='ltr'>primo</span> <span class='ocrx_word' id='word_1_35' title='bbox 1132 678 1326 762; x_wconf 89' lang='lat' dir='ltr'>excerptori,</span> <span class='ocrx_word' id='word_1_36' title='bbox 1384 675 1391 743; x_wconf 74' lang='grc'>’,</span> 
     </span>
     <span class='ocr_line' id='line_1_5' title="bbox 139 781 1325 866; baseline 0 -20"><span class='ocrx_word' id='word_1_37' title='bbox 139 803 210 846; x_wconf 91' lang='lat' dir='ltr'>cum</span> <span class='ocrx_word' id='word_1_38' title='bbox 234 783 415 848; x_wconf 87' lang='lat' dir='ltr'>sententiae</span> <span class='ocrx_word' id='word_1_39' title='bbox 440 804 565 866; x_wconf 90' lang='lat' dir='ltr'>quoque</span> <span class='ocrx_word' id='word_1_40' title='bbox 590 785 639 850; x_wconf 92' lang='lat' dir='ltr'>bis</span> <span class='ocrx_word' id='word_1_41' title='bbox 663 784 826 866; x_wconf 88' lang='lat' dir='ltr'>avolgari</span> <span class='ocrx_word' id='word_1_42' title='bbox 851 783 1024 849; x_wconf 77' lang='lat' dir='ltr'>discedant</span> <span class='ocrx_word' id='word_1_43' title='bbox 1048 782 1181 853; x_wconf 87' lang='lat' dir='ltr'>ordine:</span> <span class='ocrx_word' id='word_1_44' title='bbox 1213 781 1325 848; x_wconf 85' lang='lat' dir='ltr'>statim</span> 
     </span>
     <span class='ocr_line' id='line_1_6' title="bbox 137 886 1325 971; baseline 0.002 -21"><span class='ocrx_word' id='word_1_45' title='bbox 137 887 222 951; x_wconf 89' lang='lat' dir='ltr'>euim</span> <span class='ocrx_word' id='word_1_46' title='bbox 246 889 288 952; x_wconf 89' lang='lat' dir='ltr'>ab</span> <span class='ocrx_word' id='word_1_47' title='bbox 312 888 405 954; x_wconf 91' lang='lat' dir='ltr'>initio</span> <span class='ocrx_word' id='word_1_48' title='bbox 428 888 475 953; x_wconf 90' lang='lat' dir='ltr'>ita</span> <span class='ocrx_word' id='word_1_49' title='bbox 491 889 573 954; x_wconf 88' lang='lat' dir='ltr'>inter</span> <span class='ocrx_word' id='word_1_50' title='bbox 596 908 631 954; x_wconf 90' lang='lat' dir='ltr'>se</span> <span class='ocrx_word' id='word_1_51' title='bbox 654 909 768 954; x_wconf 87' lang='lat' dir='ltr'>versus</span> <span class='ocrx_word' id='word_1_52' title='bbox 794 888 959 971; x_wconf 90' lang='lat' dir='ltr'>excipiunt</span> <span class='ocrx_word' id='word_1_53' title='bbox 982 889 1007 967; x_wconf 93' lang='lat' dir='ltr'>I,</span> <span class='ocrx_word' id='word_1_54' title='bbox 1032 890 1060 967; x_wconf 90' lang='lat'>1,</span> <span class='ocrx_word' id='word_1_55' title='bbox 1084 886 1140 950; x_wconf 86' lang='lat'>33:</span> <span class='ocrx_word' id='word_1_56' title='bbox 1163 887 1188 969; x_wconf 94' lang='lat' dir='ltr'>I,</span> <span class='ocrx_word' id='word_1_57' title='bbox 1212 887 1243 970; x_wconf 82' lang='lat'>2,</span> <span class='ocrx_word' id='word_1_58' title='bbox 1269 891 1325 952; x_wconf 82' lang='lat'>19:</span> 
     </span>
     <span class='ocr_line' id='line_1_7' title="bbox 136 990 1326 1076; baseline 0 -22"><span class='ocrx_word' id='word_1_59' title='bbox 136 991 161 1073; x_wconf 91' lang='lat' dir='ltr'>I,</span> <span class='ocrx_word' id='word_1_60' title='bbox 187 994 214 1074; x_wconf 92' lang='grc'>1,</span> <span class='ocrx_word' id='word_1_61' title='bbox 243 993 299 1056; x_wconf 80' lang='lat'>71:</span> <span class='ocrx_word' id='word_1_62' title='bbox 328 994 359 1076; x_wconf 98' lang='grc' dir='ltr'>Ι,</span> <span class='ocrx_word' id='word_1_63' title='bbox 383 993 413 1074; x_wconf 95' lang='grc'>2,</span> <span class='ocrx_word' id='word_1_64' title='bbox 440 993 499 1072; x_wconf 91' lang='grc'>34,</span> <span class='ocrx_word' id='word_1_65' title='bbox 529 993 554 1075; x_wconf 93' lang='grc' dir='ltr'>Ι,</span> <span class='ocrx_word' id='word_1_66' title='bbox 580 995 607 1074; x_wconf 93' lang='grc'>1,</span> <span class='ocrx_word' id='word_1_67' title='bbox 631 994 768 1058; x_wconf 76' lang='grc'>63-64.</span> <span class='ocrx_word' id='word_1_68' title='bbox 820 992 879 1057; x_wconf 82' lang='grc'>666</span> <span class='ocrx_word' id='word_1_69' title='bbox 902 991 1045 1072; x_wconf 79' lang='lat' dir='ltr'>neglecti</span> <span class='ocrx_word' id='word_1_70' title='bbox 1068 990 1190 1056; x_wconf 83' lang='lat' dir='ltr'>ordinis</span> <span class='ocrx_word' id='word_1_71' title='bbox 1207 1009 1326 1056; x_wconf 89' lang='lat' dir='ltr'>caussa</span> 
     </span>
     <span class='ocr_line' id='line_1_8' title="bbox 68 1091 1324 1180; baseline 0.002 -24"><span class='ocrx_word' id='word_1_72' title='bbox 68 1169 70 1174; x_wconf 20' lang='grc' dir='ltr'>Ι</span> <span class='ocrx_word' id='word_1_73' title='bbox 137 1091 224 1158; x_wconf 91' lang='lat' dir='ltr'>baud</span> <span class='ocrx_word' id='word_1_74' title='bbox 248 1094 375 1160; x_wconf 83' lang='grc'>661666</span> <span class='ocrx_word' id='word_1_75' title='bbox 399 1096 536 1162; x_wconf 89' lang='lat' dir='ltr'>iudicari</span> <span class='ocrx_word' id='word_1_76' title='bbox 553 1105 666 1180; x_wconf 88' lang='lat' dir='ltr'>queat:</span> <span class='ocrx_word' id='word_1_77' title='bbox 692 1103 859 1180; x_wconf 87' lang='lat' dir='ltr'>excerptor</span> <span class='ocrx_word' id='word_1_78' title='bbox 885 1095 1057 1160; x_wconf 90' lang='lat' dir='ltr'>enimcum</span> <span class='ocrx_word' id='word_1_79' title='bbox 1080 1114 1210 1160; x_wconf 84' lang='lat' dir='ltr'>versum</span> <span class='ocrx_word' id='word_1_80' title='bbox 1234 1095 1270 1176; x_wconf 88' lang='lat' dir='ltr'>l.,</span> <span class='ocrx_word' id='word_1_81' title='bbox 1294 1095 1324 1176; x_wconf 83' lang='lat'>2,</span> 
     </span>
     <span class='ocr_line' id='line_1_9' title="bbox 139 1199 1355 1289; baseline 0.002 -28"><span class='ocrx_word' id='word_1_82' title='bbox 139 1199 178 1262; x_wconf 85' lang='lat'>19</span> <span class='ocrx_word' id='word_1_83' title='bbox 196 1199 358 1283; x_wconf 83' lang='lat' dir='ltr'>scriberet,</span> <span class='ocrx_word' id='word_1_84' title='bbox 374 1200 554 1284; x_wconf 80' lang='lat' dir='ltr'>‚derepere‘</span> <span class='ocrx_word' id='word_1_85' title='bbox 570 1221 650 1266; x_wconf 89' lang='lat' dir='ltr'>voce</span> <span class='ocrx_word' id='word_1_86' title='bbox 666 1199 879 1266; x_wconf 88' lang='lat' dir='ltr'>commonitus</span> <span class='ocrx_word' id='word_1_87' title='bbox 895 1199 984 1264; x_wconf 83' lang='lat' dir='ltr'>vocis</span> <span class='ocrx_word' id='word_1_88' title='bbox 1001 1199 1210 1282; x_wconf 84' lang='lat' dir='ltr'>‚subreperet‘</span> <span class='ocrx_word' id='word_1_89' title='bbox 1227 1219 1325 1282; x_wconf 90' lang='lat' dir='ltr'>quam</span> <span class='ocrx_word' id='word_1_90' title='bbox 1335 1234 1355 1289; x_wconf 62' lang='lat' dir='ltr'><strong><em>j</em></strong></span> 
     </span>
     <span class='ocr_line' id='line_1_10' title="bbox 140 1301 1325 1389; baseline 0.002 -23"><span class='ocrx_word' id='word_1_91' title='bbox 140 1301 173 1366; x_wconf 91' lang='lat' dir='ltr'>in</span> <span class='ocrx_word' id='word_1_92' title='bbox 196 1323 292 1371; x_wconf 85' lang='lat' dir='ltr'>versu</span> <span class='ocrx_word' id='word_1_93' title='bbox 316 1304 353 1368; x_wconf 82' lang='lat'>71</span> <span class='ocrx_word' id='word_1_94' title='bbox 373 1305 499 1387; x_wconf 81' lang='lat' dir='ltr'>elegiae</span> <span class='ocrx_word' id='word_1_95' title='bbox 522 1306 640 1389; x_wconf 91' lang='lat' dir='ltr'>prioris</span> <span class='ocrx_word' id='word_1_96' title='bbox 685 1305 781 1370; x_wconf 90' lang='lat' dir='ltr'>modo</span> <span class='ocrx_word' id='word_1_97' title='bbox 802 1304 941 1386; x_wconf 86' lang='lat' dir='ltr'>legerat,</span> <span class='ocrx_word' id='word_1_98' title='bbox 965 1304 1064 1368; x_wconf 90' lang='lat' dir='ltr'>etiam</span> <span class='ocrx_word' id='word_1_99' title='bbox 1087 1303 1172 1368; x_wconf 90' lang='lat' dir='ltr'>bunc</span> <span class='ocrx_word' id='word_1_100' title='bbox 1195 1323 1325 1369; x_wconf 84' lang='lat' dir='ltr'>versum</span> 
     </span>
    </p>
   </div>
   <div class='ocr_carea' id='block_1_2' title="bbox 139 1407 1420 1493">
    <p class='ocr_par' dir='ltr' id='par_1_3' title="bbox 139 1407 1420 1493">
     <span class='ocr_line' id='line_1_11' title="bbox 139 1407 1420 1493; baseline 0.003 -23"><span class='ocrx_word' id='word_1_101' title='bbox 139 1407 272 1491; x_wconf 89' lang='lat' dir='ltr'>recepit.</span> <span class='ocrx_word' id='word_1_102' title='bbox 319 1415 442 1475; x_wconf 90' lang='lat' dir='ltr'>mutato</span> <span class='ocrx_word' id='word_1_103' title='bbox 459 1430 536 1476; x_wconf 84' lang='lat' dir='ltr'>vero</span> <span class='ocrx_word' id='word_1_104' title='bbox 560 1411 660 1475; x_wconf 89' lang='lat' dir='ltr'>semel</span> <span class='ocrx_word' id='word_1_105' title='bbox 684 1408 797 1475; x_wconf 89' lang='lat' dir='ltr'>ordine</span> <span class='ocrx_word' id='word_1_106' title='bbox 821 1409 918 1475; x_wconf 86' lang='lat' dir='ltr'>facile</span> <span class='ocrx_word' id='word_1_107' title='bbox 940 1409 1010 1474; x_wconf 87' lang='lat' dir='ltr'>fieri</span> <span class='ocrx_word' id='word_1_108' title='bbox 1032 1407 1146 1493; x_wconf 90' lang='lat' dir='ltr'>potuit,</span> <span class='ocrx_word' id='word_1_109' title='bbox 1170 1416 1204 1473; x_wconf 94' lang='lat' dir='ltr'>ut</span> <span class='ocrx_word' id='word_1_110' title='bbox 1228 1407 1325 1474; x_wconf 90' lang='lat' dir='ltr'>etiam</span> <span class='ocrx_word' id='word_1_111' title='bbox 1417 1482 1420 1492; x_wconf 47' lang='grc'>,</span> 
     </span>
    </p>
   </div>
   <div class='ocr_carea' id='block_1_3' title="bbox 137 1510 1328 2221">
    <p class='ocr_par' dir='ltr' id='par_1_4' title="bbox 137 1510 1328 2221">
     <span class='ocr_line' id='line_1_12' title="bbox 139 1510 1325 1597; baseline -0.001 -22"><span class='ocrx_word' id='word_1_112' title='bbox 139 1516 312 1593; x_wconf 88' lang='lat' dir='ltr'>sequentes</span> <span class='ocrx_word' id='word_1_113' title='bbox 343 1510 407 1577; x_wconf 88' lang='lat' dir='ltr'>duo</span> <span class='ocrx_word' id='word_1_114' title='bbox 431 1513 495 1577; x_wconf 90' lang='lat' dir='ltr'>loci</span> <span class='ocrx_word' id='word_1_115' title='bbox 525 1513 772 1578; x_wconf 85' lang='lat' dir='ltr'>inverterentur.</span> <span class='ocrx_word' id='word_1_116' title='bbox 818 1520 990 1597; x_wconf 89' lang='lat' dir='ltr'>praeterea</span> <span class='ocrx_word' id='word_1_117' title='bbox 1019 1513 1100 1578; x_wconf 91' lang='lat' dir='ltr'>illud</span> <span class='ocrx_word' id='word_1_118' title='bbox 1130 1511 1325 1577; x_wconf 90' lang='lat' dir='ltr'>mouendum</span> 
     </span>
     <span class='ocr_line' id='line_1_13' title="bbox 140 1616 1326 1700; baseline 0 -20"><span class='ocrx_word' id='word_1_119' title='bbox 140 1623 200 1698; x_wconf 89' lang='lat' dir='ltr'>est,</span> <span class='ocrx_word' id='word_1_120' title='bbox 225 1636 337 1681; x_wconf 90' lang='lat' dir='ltr'>omnes</span> <span class='ocrx_word' id='word_1_121' title='bbox 361 1616 492 1682; x_wconf 85' lang='lat' dir='ltr'>codices</span> <span class='ocrx_word' id='word_1_122' title='bbox 516 1617 661 1700; x_wconf 88' lang='lat' dir='ltr'>integros</span> <span class='ocrx_word' id='word_1_123' title='bbox 685 1616 733 1681; x_wconf 89' lang='lat' dir='ltr'>ita</span> <span class='ocrx_word' id='word_1_124' title='bbox 754 1637 826 1682; x_wconf 88' lang='lat' dir='ltr'>esse</span> <span class='ocrx_word' id='word_1_125' title='bbox 849 1623 1065 1700; x_wconf 89' lang='lat' dir='ltr'>comparatos,</span> <span class='ocrx_word' id='word_1_126' title='bbox 1088 1624 1122 1681; x_wconf 94' lang='lat' dir='ltr'>ut</span> <span class='ocrx_word' id='word_1_127' title='bbox 1145 1637 1220 1680; x_wconf 91' lang='lat' dir='ltr'>num</span> <span class='ocrx_word' id='word_1_128' title='bbox 1245 1636 1326 1682; x_wconf 91' lang='lat' dir='ltr'>sem·</span> 
     </span>
     <span class='ocr_line' id='line_1_14' title="bbox 140 1719 1328 1805; baseline 0 -21"><span class='ocrx_word' id='word_1_129' title='bbox 140 1740 198 1803; x_wconf 87' lang='lat' dir='ltr'>per</span> <span class='ocrx_word' id='word_1_130' title='bbox 220 1739 331 1784; x_wconf 87' lang='lat' dir='ltr'>veram</span> <span class='ocrx_word' id='word_1_131' title='bbox 349 1741 388 1785; x_wconf 90' lang='lat' dir='ltr'>ac</span> <span class='ocrx_word' id='word_1_132' title='bbox 413 1722 577 1805; x_wconf 83' lang='lat' dir='ltr'>propriam</span> <span class='ocrx_word' id='word_1_133' title='bbox 602 1721 805 1786; x_wconf 83' lang='lat' dir='ltr'>servaverint</span> <span class='ocrx_word' id='word_1_134' title='bbox 828 1741 977 1786; x_wconf 89' lang='lat' dir='ltr'>versuum</span> <span class='ocrx_word' id='word_1_135' title='bbox 1002 1721 1119 1785; x_wconf 89' lang='lat' dir='ltr'>seriem</span> <span class='ocrx_word' id='word_1_136' title='bbox 1143 1720 1212 1785; x_wconf 92' lang='lat' dir='ltr'>iurc</span> <span class='ocrx_word' id='word_1_137' title='bbox 1235 1719 1328 1784; x_wconf 91' lang='lat' dir='ltr'>dubi-</span> 
     </span>
     <span class='ocr_line' id='line_1_15' title="bbox 138 1823 1327 1910; baseline 0.001 -22"><span class='ocrx_word' id='word_1_138' title='bbox 138 1823 201 1888; x_wconf 92' lang='lat' dir='ltr'>tari</span> <span class='ocrx_word' id='word_1_139' title='bbox 216 1825 331 1908; x_wconf 90' lang='lat' dir='ltr'>possit.</span> <span class='ocrx_word' id='word_1_140' title='bbox 369 1827 506 1890; x_wconf 90' lang='lat' dir='ltr'>alterum</span> <span class='ocrx_word' id='word_1_141' title='bbox 531 1826 714 1910; x_wconf 87' lang='lat' dir='ltr'>exemplum</span> <span class='ocrx_word' id='word_1_142' title='bbox 738 1832 789 1890; x_wconf 88' lang='lat' dir='ltr'>est</span> <span class='ocrx_word' id='word_1_143' title='bbox 804 1826 829 1907; x_wconf 91' lang='grc' dir='ltr'>Ι,</span> <span class='ocrx_word' id='word_1_144' title='bbox 845 1826 875 1908; x_wconf 82' lang='grc'>6,</span> <span class='ocrx_word' id='word_1_145' title='bbox 900 1826 950 1895; x_wconf 80' lang='grc'>10,</span> <span class='ocrx_word' id='word_1_146' title='bbox 974 1825 1029 1906; x_wconf 91' lang='lat' dir='ltr'>qui</span> <span class='ocrx_word' id='word_1_147' title='bbox 1054 1825 1143 1890; x_wconf 93' lang='lat' dir='ltr'>locus</span> <span class='ocrx_word' id='word_1_148' title='bbox 1159 1823 1327 1907; x_wconf 88' lang='lat' dir='ltr'>praeeedit</span> 
     </span>
     <span class='ocr_line' id='line_1_16' title="bbox 138 1927 1326 2013; baseline -0.003 -19"><span class='ocrx_word' id='word_1_149' title='bbox 138 1928 337 2013; x_wconf 88' lang='lat' dir='ltr'>superiorem</span> <span class='ocrx_word' id='word_1_150' title='bbox 367 1930 392 2011; x_wconf 91' lang='grc' dir='ltr'>Ι,</span> <span class='ocrx_word' id='word_1_151' title='bbox 422 1931 453 2012; x_wconf 90' lang='grc'>4,</span> <span class='ocrx_word' id='word_1_152' title='bbox 486 1930 630 1994; x_wconf 85' lang='grc'><strong>33-34;</strong></span> <span class='ocrx_word' id='word_1_153' title='bbox 655 1929 687 1993; x_wconf 85' lang='grc'>16</span> <span class='ocrx_word' id='word_1_154' title='bbox 713 1951 777 2012; x_wconf 87' lang='lat' dir='ltr'>qua</span> <span class='ocrx_word' id='word_1_155' title='bbox 808 1951 843 1994; x_wconf 91' lang='lat' dir='ltr'>re</span> <span class='ocrx_word' id='word_1_156' title='bbox 873 1930 1170 1994; x_wconf 86' lang='lat' dir='ltr'>animadvertemus</span> <span class='ocrx_word' id='word_1_157' title='bbox 1207 1948 1277 1992; x_wconf 93' lang='lat' dir='ltr'>cum</span> <span class='ocrx_word' id='word_1_158' title='bbox 1301 1927 1326 2010; x_wconf 94' lang='grc' dir='ltr'>Ι,</span> 
     </span>
     <span class='ocr_line' id='line_1_17' title="bbox 137 2031 1327 2116; baseline -0.002 -21"><span class='ocrx_word' id='word_1_159' title='bbox 137 2032 175 2115; x_wconf 91' lang='grc'>4,</span> <span class='ocrx_word' id='word_1_160' title='bbox 210 2033 338 2097; x_wconf 83' lang='grc'><strong>33-34</strong></span> <span class='ocrx_word' id='word_1_161' title='bbox 368 2032 529 2099; x_wconf 84' lang='lat' dir='ltr'>artissime</span> <span class='ocrx_word' id='word_1_162' title='bbox 564 2033 770 2098; x_wconf 87' lang='lat' dir='ltr'>coniunctum</span> <span class='ocrx_word' id='word_1_163' title='bbox 803 2051 876 2097; x_wconf 91' lang='lat' dir='ltr'>esse</span> <span class='ocrx_word' id='word_1_164' title='bbox 909 2033 1015 2097; x_wconf 92' lang='lat' dir='ltr'>locum</span> <span class='ocrx_word' id='word_1_165' title='bbox 1051 2034 1083 2116; x_wconf 96' lang='grc' dir='ltr'>Ι,</span> <span class='ocrx_word' id='word_1_166' title='bbox 1119 2035 1153 2114; x_wconf 94' lang='grc'>6,</span> <span class='ocrx_word' id='word_1_167' title='bbox 1188 2031 1327 2113; x_wconf 80' lang='grc'>33-34,</span> 
     </span>
     <span class='ocr_line' id='line_1_18' title="bbox 139 2136 1325 2221; baseline 0.001 -21"><span class='ocrx_word' id='word_1_168' title='bbox 139 2136 188 2201; x_wconf 90' lang='lat' dir='ltr'>ita</span> <span class='ocrx_word' id='word_1_169' title='bbox 219 2143 254 2202; x_wconf 89' lang='lat' dir='ltr'>ut</span> <span class='ocrx_word' id='word_1_170' title='bbox 284 2136 371 2201; x_wconf 90' lang='lat' dir='ltr'>baud</span> <span class='ocrx_word' id='word_1_171' title='bbox 402 2136 617 2221; x_wconf 85' lang='lat' dir='ltr'>improbabile</span> <span class='ocrx_word' id='word_1_172' title='bbox 644 2136 811 2219; x_wconf 86' lang='lat' dir='ltr'>videatur,</span> <span class='ocrx_word' id='word_1_173' title='bbox 842 2143 1061 2218; x_wconf 79' lang='lat' dir='ltr'>excerptorem</span> <span class='ocrx_word' id='word_1_174' title='bbox 1093 2157 1163 2201; x_wconf 91' lang='lat' dir='ltr'>cum</span> <span class='ocrx_word' id='word_1_175' title='bbox 1195 2143 1325 2219; x_wconf 88' lang='lat' dir='ltr'>recepto</span> 
     </span>
    </p>
   </div>
   <div class='ocr_carea' id='block_1_4' title="bbox 137 2239 1417 2323">
    <p class='ocr_par' dir='ltr' id='par_1_5' title="bbox 137 2239 1417 2323">
     <span class='ocr_line' id='line_1_19' title="bbox 137 2239 1417 2323; baseline -0.005 -16"><span class='ocrx_word' id='word_1_176' title='bbox 137 2261 232 2307; x_wconf 87' lang='lat' dir='ltr'>versu</span> <span class='ocrx_word' id='word_1_177' title='bbox 263 2242 292 2322; x_wconf 96' lang='grc' dir='ltr'>Ι,</span> <span class='ocrx_word' id='word_1_178' title='bbox 323 2240 358 2323; x_wconf 83' lang='grc'>5,</span> <span class='ocrx_word' id='word_1_179' title='bbox 390 2241 432 2304; x_wconf 83' lang='grc'>70</span> <span class='ocrx_word' id='word_1_180' title='bbox 460 2240 503 2304; x_wconf 82' lang='grc'>66</span> <span class='ocrx_word' id='word_1_181' title='bbox 537 2240 568 2323; x_wconf 97' lang='grc' dir='ltr'>Ι,</span> <span class='ocrx_word' id='word_1_182' title='bbox 600 2240 635 2320; x_wconf 91' lang='grc'>6,</span> <span class='ocrx_word' id='word_1_183' title='bbox 663 2240 705 2303; x_wconf 88' lang='grc'>33</span> <span class='ocrx_word' id='word_1_184' title='bbox 739 2240 957 2323; x_wconf 84' lang='lat' dir='ltr'>pervenisset,</span> <span class='ocrx_word' id='word_1_185' title='bbox 996 2240 1200 2305; x_wconf 88' lang='lat' dir='ltr'>recordatum</span> <span class='ocrx_word' id='word_1_186' title='bbox 1237 2239 1326 2305; x_wconf 91' lang='lat' dir='ltr'>illius</span> <span class='ocrx_word' id='word_1_187' title='bbox 1413 2296 1417 2301; x_wconf 89' lang='lat'>.</span> 
     </span>
    </p>
   </div>
   <div class='ocr_carea' id='block_1_5' title="bbox 137 2343 1387 2741">
    <p class='ocr_par' dir='ltr' id='par_1_6' title="bbox 137 2343 1387 2741">
     <span class='ocr_line' id='line_1_20' title="bbox 138 2343 1327 2429; baseline -0.001 -20"><span class='ocrx_word' id='word_1_188' title='bbox 138 2345 218 2429; x_wconf 89' lang='lat' dir='ltr'>loci,</span> <span class='ocrx_word' id='word_1_189' title='bbox 254 2364 349 2426; x_wconf 88' lang='lat' dir='ltr'>quem</span> <span class='ocrx_word' id='word_1_190' title='bbox 378 2345 486 2426; x_wconf 90' lang='lat' dir='ltr'>aliquo</span> <span class='ocrx_word' id='word_1_191' title='bbox 516 2343 751 2410; x_wconf 87' lang='lat' dir='ltr'>sententiarum</span> <span class='ocrx_word' id='word_1_192' title='bbox 790 2364 875 2409; x_wconf 88' lang='lat' dir='ltr'>nexu</span> <span class='ocrx_word' id='word_1_193' title='bbox 912 2344 1088 2410; x_wconf 86' lang='lat' dir='ltr'>cohaerere</span> <span class='ocrx_word' id='word_1_194' title='bbox 1123 2365 1194 2410; x_wconf 93' lang='lat' dir='ltr'>cum</span> <span class='ocrx_word' id='word_1_195' title='bbox 1228 2345 1261 2426; x_wconf 93' lang='grc' dir='ltr'>Ι,</span> <span class='ocrx_word' id='word_1_196' title='bbox 1296 2347 1327 2428; x_wconf 88' lang='grc'>6,</span> 
     </span>
     <span class='ocr_line' id='line_1_21' title="bbox 137 2448 1327 2534; baseline 0.001 -20"><span class='ocrx_word' id='word_1_197' title='bbox 137 2451 178 2514; x_wconf 92' lang='grc'>33</span> <span class='ocrx_word' id='word_1_198' title='bbox 210 2449 408 2534; x_wconf 87' lang='lat' dir='ltr'>opinaretur,</span> <span class='ocrx_word' id='word_1_199' title='bbox 438 2469 552 2515; x_wconf 84' lang='lat' dir='ltr'>versus</span> <span class='ocrx_word' id='word_1_200' title='bbox 579 2469 596 2513; x_wconf 96' lang='grc'>6</span> <span class='ocrx_word' id='word_1_201' title='bbox 620 2448 838 2533; x_wconf 89' lang='lat' dir='ltr'>praecedento</span> <span class='ocrx_word' id='word_1_202' title='bbox 861 2448 969 2532; x_wconf 87' lang='lat' dir='ltr'>elegia</span> <span class='ocrx_word' id='word_1_203' title='bbox 1000 2448 1143 2514; x_wconf 88' lang='lat' dir='ltr'>cumbis</span> <span class='ocrx_word' id='word_1_204' title='bbox 1174 2448 1327 2515; x_wconf 86' lang='lat' dir='ltr'>carminis</span> 
     </span>
     <span class='ocr_line' id='line_1_22' title="bbox 139 2552 1387 2637; baseline 0 -18"><span class='ocrx_word' id='word_1_205' title='bbox 139 2553 224 2619; x_wconf 90' lang='lat' dir='ltr'>sexti</span> <span class='ocrx_word' id='word_1_206' title='bbox 248 2553 361 2618; x_wconf 89' lang='lat' dir='ltr'>dedita</span> <span class='ocrx_word' id='word_1_207' title='bbox 384 2574 485 2637; x_wconf 88' lang='lat' dir='ltr'>opera</span> <span class='ocrx_word' id='word_1_208' title='bbox 509 2554 691 2637; x_wconf 87' lang='lat' dir='ltr'>copulasse.</span> <span class='ocrx_word' id='word_1_209' title='bbox 737 2552 971 2618; x_wconf 87' lang='lat' dir='ltr'>sententiarum</span> <span class='ocrx_word' id='word_1_210' title='bbox 1004 2553 1103 2636; x_wconf 91' lang='lat' dir='ltr'>igitur</span> <span class='ocrx_word' id='word_1_211' title='bbox 1126 2553 1249 2618; x_wconf 92' lang='lat' dir='ltr'>ordinis</span> <span class='ocrx_word' id='word_1_212' title='bbox 1274 2553 1328 2619; x_wconf 90' lang='lat' dir='ltr'>de·</span> <span class='ocrx_word' id='word_1_213' title='bbox 1384 2600 1387 2605; x_wconf 90' lang='lat'><em>-</em></span> 
     </span>
     <span class='ocr_line' id='line_1_23' title="bbox 139 2656 1326 2741; baseline -0.001 -18"><span class='ocrx_word' id='word_1_214' title='bbox 139 2658 270 2741; x_wconf 88' lang='lat' dir='ltr'>pravati</span> <span class='ocrx_word' id='word_1_215' title='bbox 305 2657 434 2741; x_wconf 88' lang='lat' dir='ltr'>culpam</span> <span class='ocrx_word' id='word_1_216' title='bbox 468 2658 572 2741; x_wconf 88' lang='lat' dir='ltr'>primo</span> <span class='ocrx_word' id='word_1_217' title='bbox 607 2658 791 2740; x_wconf 87' lang='lat' dir='ltr'>excerptori</span> <span class='ocrx_word' id='word_1_218' title='bbox 827 2656 1062 2740; x_wconf 89' lang='lat' dir='ltr'>iniungendam</span> <span class='ocrx_word' id='word_1_219' title='bbox 1093 2677 1165 2722; x_wconf 91' lang='lat' dir='ltr'>esse</span> <span class='ocrx_word' id='word_1_220' title='bbox 1200 2676 1326 2740; x_wconf 88' lang='grc'>666666,</span> 
     </span>
    </p>
   </div>
   <div class='ocr_carea' id='block_1_6' title="bbox 38 2760 1327 2845">
    <p class='ocr_par' dir='ltr' id='par_1_7' title="bbox 38 2760 1327 2845">
     <span class='ocr_line' id='line_1_24' title="bbox 38 2760 1327 2845; baseline -0.002 -17"><span class='ocrx_word' id='word_1_221' title='bbox 38 2828 44 2843; x_wconf 57' lang='lat'>,</span> <span class='ocrx_word' id='word_1_222' title='bbox 139 2763 324 2843; x_wconf 87' lang='lat' dir='ltr'>ubieunque</span> <span class='ocrx_word' id='word_1_223' title='bbox 346 2781 423 2826; x_wconf 84' lang='lat' dir='ltr'>vero</span> <span class='ocrx_word' id='word_1_224' title='bbox 448 2762 578 2845; x_wconf 88' lang='lat' dir='ltr'>singula</span> <span class='ocrx_word' id='word_1_225' title='bbox 601 2762 702 2827; x_wconf 86' lang='lat' dir='ltr'>verba</span> <span class='ocrx_word' id='word_1_226' title='bbox 728 2760 874 2826; x_wconf 88' lang='lat' dir='ltr'>ordinem</span> <span class='ocrx_word' id='word_1_227' title='bbox 898 2762 1066 2844; x_wconf 79' lang='lat' dir='ltr'>uolgarem</span> <span class='ocrx_word' id='word_1_228' title='bbox 1088 2762 1229 2844; x_wconf 89' lang='lat' dir='ltr'>turbant,</span> <span class='ocrx_word' id='word_1_229' title='bbox 1254 2779 1327 2845; x_wconf 93' lang='lat' dir='ltr'>pos-</span> 
     </span>
    </p>
   </div>
   <div class='ocr_carea' id='block_1_7' title="bbox 136 2864 1327 3155">
    <p class='ocr_par' dir='ltr' id='par_1_8' title="bbox 136 2864 1327 3155">
     <span class='ocr_line' id='line_1_25' title="bbox 140 2864 1326 2949; baseline -0.003 -18"><span class='ocrx_word' id='word_1_230' title='bbox 140 2866 296 2931; x_wconf 87' lang='lat' dir='ltr'>teriorum</span> <span class='ocrx_word' id='word_1_231' title='bbox 315 2865 558 2949; x_wconf 90' lang='lat' dir='ltr'>compilatorum</span> <span class='ocrx_word' id='word_1_232' title='bbox 577 2865 765 2948; x_wconf 89' lang='lat' dir='ltr'>ignorantia</span> <span class='ocrx_word' id='word_1_233' title='bbox 781 2864 982 2948; x_wconf 89' lang='lat' dir='ltr'>inculpanda</span> <span class='ocrx_word' id='word_1_234' title='bbox 999 2871 1057 2930; x_wconf 88' lang='lat' dir='ltr'>est.</span> <span class='ocrx_word' id='word_1_235' title='bbox 1092 2865 1138 2929; x_wconf 92' lang='lat' dir='ltr'>ita</span> <span class='ocrx_word' id='word_1_236' title='bbox 1153 2864 1326 2948; x_wconf 89' lang='lat' dir='ltr'>probabili,</span> 
     </span>
     <span class='ocr_line' id='line_1_26' title="bbox 136 2968 1327 3052; baseline -0.001 -17"><span class='ocrx_word' id='word_1_237' title='bbox 136 2970 170 3035; x_wconf 90' lang='lat' dir='ltr'>ni</span> <span class='ocrx_word' id='word_1_238' title='bbox 196 2970 302 3052; x_wconf 85' lang='lat' dir='ltr'>fallor,</span> <span class='ocrx_word' id='word_1_239' title='bbox 334 2969 461 3033; x_wconf 90' lang='lat' dir='ltr'>ratione</span> <span class='ocrx_word' id='word_1_240' title='bbox 486 2968 514 3033; x_wconf 90' lang='lat' dir='ltr'>si</span> <span class='ocrx_word' id='word_1_241' title='bbox 537 2969 643 3034; x_wconf 92' lang='lat' dir='ltr'>minus</span> <span class='ocrx_word' id='word_1_242' title='bbox 666 2969 813 3034; x_wconf 88' lang='lat' dir='ltr'>ordinem</span> <span class='ocrx_word' id='word_1_243' title='bbox 833 2969 932 3052; x_wconf 89' lang='lat' dir='ltr'>plane</span> <span class='ocrx_word' id='word_1_244' title='bbox 955 2968 1136 3034; x_wconf 85' lang='lat' dir='ltr'>restituisse</span> <span class='ocrx_word' id='word_1_245' title='bbox 1160 2974 1196 3033; x_wconf 88' lang='lat' dir='ltr'>at</span> <span class='ocrx_word' id='word_1_246' title='bbox 1218 2975 1327 3034; x_wconf 87' lang='lat' dir='ltr'>tamen</span> 
     </span>
     <span class='ocr_line' id='line_1_27' title="bbox 137 3058 1062 3155; baseline -0.001 -16"><span class='ocrx_word' id='word_1_247' title='bbox 137 3073 400 3139; x_wconf 88' lang='lat' dir='ltr'>conturbationis</span> <span class='ocrx_word' id='word_1_248' title='bbox 424 3092 572 3137; x_wconf 88' lang='lat' dir='ltr'>caussam</span> <span class='ocrx_word' id='word_1_249' title='bbox 596 3073 816 3155; x_wconf 81' lang='lat' dir='ltr'>investigasse</span> <span class='ocrx_word' id='word_1_250' title='bbox 838 3058 915 3137; x_wconf 87' lang='lat' dir='ltr'>mibi</span> <span class='ocrx_word' id='word_1_251' title='bbox 938 3072 1062 3138; x_wconf 87' lang='lat' dir='ltr'>videor.</span> 
     </span>
    </p>
   </div>
   <div class='ocr_carea' id='block_1_8' title="bbox 136 3285 342 3296">
    <p class='ocr_par' dir='ltr' id='par_1_9' title="bbox 136 3285 342 3296">
     <span class='ocr_line' id='line_1_28' title="bbox 136 3285 342 3296; baseline -0.019 0"><span class='ocrx_word' id='word_1_252' title='bbox 136 3285 342 3296; x_wconf 72' lang='grc'>...,.-...-----</span> 
     </span>
    </p>
   </div>
   <div class='ocr_carea' id='block_1_9' title="bbox 198 3439 1329 4206">
    <p class='ocr_par' dir='ltr' id='par_1_10' title="bbox 198 3439 1329 4206">
     <span class='ocr_line' id='line_1_29' title="bbox 198 3439 1326 3509; baseline -0.004 -13"><span class='ocrx_word' id='word_1_253' title='bbox 198 3445 280 3508; x_wconf 81' lang='grc'>11)66</span> <span class='ocrx_word' id='word_1_254' title='bbox 304 3442 345 3496; x_wconf 88' lang='lat' dir='ltr'>eis</span> <span class='ocrx_word' id='word_1_255' title='bbox 371 3440 472 3509; x_wconf 89' lang='lat' dir='ltr'>quibus</span> <span class='ocrx_word' id='word_1_256' title='bbox 496 3439 622 3494; x_wconf 89' lang='lat' dir='ltr'>Muelleri</span> <span class='ocrx_word' id='word_1_257' title='bbox 646 3440 844 3493; x_wconf 87' lang='lat' dir='ltr'>commentatio</span> <span class='ocrx_word' id='word_1_258' title='bbox 870 3443 984 3508; x_wconf 89' lang='lat' dir='ltr'>praesto</span> <span class='ocrx_word' id='word_1_259' title='bbox 1009 3456 1065 3496; x_wconf 91' lang='grc'>666</span> <span class='ocrx_word' id='word_1_260' title='bbox 1090 3443 1134 3493; x_wconf 87' lang='grc'>666</span> <span class='ocrx_word' id='word_1_261' title='bbox 1153 3439 1326 3496; x_wconf 89' lang='lat' dir='ltr'>instaurandi</span> 
     </span>
     <span class='ocr_line' id='line_1_30' title="bbox 242 3526 1328 3597; baseline -0.003 -13"><span class='ocrx_word' id='word_1_262' title='bbox 242 3528 303 3584; x_wconf 89' lang='lat' dir='ltr'>eius</span> <span class='ocrx_word' id='word_1_263' title='bbox 323 3528 372 3597; x_wconf 91' lang='lat' dir='ltr'>qui</span> <span class='ocrx_word' id='word_1_264' title='bbox 393 3531 437 3581; x_wconf 89' lang='lat' dir='ltr'>est</span> <span class='ocrx_word' id='word_1_265' title='bbox 450 3526 478 3580; x_wconf 92' lang='lat' dir='ltr'>in</span> <span class='ocrx_word' id='word_1_266' title='bbox 490 3526 588 3581; x_wconf 85' lang='lat' dir='ltr'>codiee</span> <span class='ocrx_word' id='word_1_267' title='bbox 607 3531 807 3594; x_wconf 86' lang='lat' dir='ltr'>excerptorum</span> <span class='ocrx_word' id='word_1_268' title='bbox 821 3527 927 3581; x_wconf 89' lang='lat' dir='ltr'>ordinis</span> <span class='ocrx_word' id='word_1_269' title='bbox 946 3543 1014 3581; x_wconf 90' lang='lat' dir='ltr'>ausa</span> <span class='ocrx_word' id='word_1_270' title='bbox 1033 3528 1114 3596; x_wconf 87' lang='lat' dir='ltr'>desit,</span> <span class='ocrx_word' id='word_1_271' title='bbox 1134 3527 1239 3596; x_wconf 86' lang='lat' dir='ltr'>legitur</span> <span class='ocrx_word' id='word_1_272' title='bbox 1256 3529 1328 3582; x_wconf 89' lang='lat' dir='ltr'>inter</span> 
     </span>
     <span class='ocr_line' id='line_1_31' title="bbox 241 3611 1327 3683; baseline 0 -14"><span class='ocrx_word' id='word_1_273' title='bbox 241 3616 262 3682; x_wconf 90' lang='grc' dir='ltr'>Ι,</span> <span class='ocrx_word' id='word_1_274' title='bbox 285 3616 309 3682; x_wconf 93' lang='lat'>1,</span> <span class='ocrx_word' id='word_1_275' title='bbox 330 3617 346 3669; x_wconf 90' lang='grc'>6</span> <span class='ocrx_word' id='word_1_276' title='bbox 365 3620 395 3670; x_wconf 86' lang='grc'>66</span> <span class='ocrx_word' id='word_1_277' title='bbox 412 3615 433 3681; x_wconf 90' lang='grc' dir='ltr'>Ι,</span> <span class='ocrx_word' id='word_1_278' title='bbox 455 3617 483 3683; x_wconf 97' lang='grc'>1,</span> <span class='ocrx_word' id='word_1_279' title='bbox 507 3615 542 3668; x_wconf 82' lang='grc'>25</span> <span class='ocrx_word' id='word_1_280' title='bbox 561 3611 679 3680; x_wconf 58' lang='lat' dir='ltr'>,Rubert</span> <span class='ocrx_word' id='word_1_281' title='bbox 705 3615 778 3667; x_wconf 88' lang='lat' dir='ltr'>iuter</span> <span class='ocrx_word' id='word_1_282' title='bbox 796 3613 846 3681; x_wconf 92' lang='grc' dir='ltr'>ΙΙΙ,</span> <span class='ocrx_word' id='word_1_283' title='bbox 865 3615 895 3680; x_wconf 92' lang='grc'>2,</span> <span class='ocrx_word' id='word_1_284' title='bbox 918 3615 983 3667; x_wconf 85' lang='grc'>266</span> <span class='ocrx_word' id='word_1_285' title='bbox 1000 3614 1051 3676; x_wconf 88' lang='grc' dir='ltr'>ΙΙΙ,</span> <span class='ocrx_word' id='word_1_286' title='bbox 1069 3617 1098 3682; x_wconf 85' lang='grc'>3,</span> <span class='ocrx_word' id='word_1_287' title='bbox 1123 3615 1155 3667; x_wconf 90' lang='grc'>21</span> <span class='ocrx_word' id='word_1_288' title='bbox 1181 3615 1327 3683; x_wconf 55' lang='grc'>,86661666</span> 
     </span>
     <span class='ocr_line' id='line_1_32' title="bbox 245 3700 1327 3769; baseline 0 -12"><span class='ocrx_word' id='word_1_289' title='bbox 245 3703 317 3758; x_wconf 91' lang='lat' dir='ltr'>iuter</span> <span class='ocrx_word' id='word_1_290' title='bbox 335 3702 386 3768; x_wconf 94' lang='lat' dir='ltr'>Ill,</span> <span class='ocrx_word' id='word_1_291' title='bbox 404 3702 429 3765; x_wconf 88' lang='lat'>3,</span> <span class='ocrx_word' id='word_1_292' title='bbox 448 3702 482 3754; x_wconf 84' lang='grc'>29</span> <span class='ocrx_word' id='word_1_293' title='bbox 501 3709 530 3756; x_wconf 86' lang='lat' dir='ltr'>et</span> <span class='ocrx_word' id='word_1_294' title='bbox 547 3701 598 3767; x_wconf 89' lang='grc' dir='ltr'>ΙΙΙ,</span> <span class='ocrx_word' id='word_1_295' title='bbox 616 3701 645 3769; x_wconf 91' lang='grc'>4,</span> <span class='ocrx_word' id='word_1_296' title='bbox 672 3700 686 3752; x_wconf 78' lang='grc'><strong>7</strong></span> <span class='ocrx_word' id='word_1_297' title='bbox 712 3701 817 3768; x_wconf 89' lang='lat' dir='ltr'>,Lidius</span> <span class='ocrx_word' id='word_1_298' title='bbox 839 3701 942 3756; x_wconf 85' lang='lat' dir='ltr'>aurifer</span> <span class='ocrx_word' id='word_1_299' title='bbox 965 3703 1065 3768; x_wconf 89' lang='lat' dir='ltr'>amnis,</span> <span class='ocrx_word' id='word_1_300' title='bbox 1089 3702 1209 3757; x_wconf 87' lang='lat' dir='ltr'>Lurldus</span> <span class='ocrx_word' id='word_1_301' title='bbox 1235 3717 1327 3769; x_wconf 86' lang='lat' dir='ltr'>orcus,</span> 
     </span>
     <span class='ocr_line' id='line_1_33' title="bbox 243 3787 1326 3857; baseline -0.002 -13"><span class='ocrx_word' id='word_1_302' title='bbox 243 3788 388 3857; x_wconf 75' lang='lat' dir='ltr'>sopierat,</span> <span class='ocrx_word' id='word_1_303' title='bbox 414 3787 545 3855; x_wconf 88' lang='lat' dir='ltr'>Sopitae,</span> <span class='ocrx_word' id='word_1_304' title='bbox 572 3787 708 3854; x_wconf 87' lang='lat' dir='ltr'>Vocales,</span> <span class='ocrx_word' id='word_1_305' title='bbox 733 3787 851 3854; x_wconf 86' lang='lat' dir='ltr'>Linter‘,</span> <span class='ocrx_word' id='word_1_306' title='bbox 869 3789 943 3842; x_wconf 85' lang='lat' dir='ltr'>inter</span> <span class='ocrx_word' id='word_1_307' title='bbox 967 3787 1015 3855; x_wconf 80' lang='lat' dir='ltr'>IV,</span> <span class='ocrx_word' id='word_1_308' title='bbox 1038 3789 1068 3854; x_wconf 87' lang='grc'>2,</span> <span class='ocrx_word' id='word_1_309' title='bbox 1091 3789 1157 3843; x_wconf 90' lang='grc'>466</span> <span class='ocrx_word' id='word_1_310' title='bbox 1174 3789 1222 3855; x_wconf 89' lang='lat' dir='ltr'>lV,</span> <span class='ocrx_word' id='word_1_311' title='bbox 1242 3790 1284 3856; x_wconf 91' lang='grc'>14,</span> <span class='ocrx_word' id='word_1_312' title='bbox 1311 3795 1326 3842; x_wconf 83' lang='lat'>2</span> 
     </span>
     <span class='ocr_line' id='line_1_34' title="bbox 244 3874 1328 3944; baseline 0 -15"><span class='ocrx_word' id='word_1_313' title='bbox 244 3876 369 3944; x_wconf 65' lang='lat' dir='ltr'>,Parma</span> <span class='ocrx_word' id='word_1_314' title='bbox 396 3875 502 3941; x_wconf 73' lang='lat' dir='ltr'>Edeta,</span> <span class='ocrx_word' id='word_1_315' title='bbox 529 3874 702 3941; x_wconf 88' lang='lat' dir='ltr'>Hammatis,‘</span> <span class='ocrx_word' id='word_1_316' title='bbox 729 3879 795 3940; x_wconf 89' lang='lat' dir='ltr'>post</span> <span class='ocrx_word' id='word_1_317' title='bbox 817 3874 866 3941; x_wconf 88' lang='lat' dir='ltr'>IV,</span> <span class='ocrx_word' id='word_1_318' title='bbox 886 3874 931 3943; x_wconf 88' lang='lat'>14,</span> <span class='ocrx_word' id='word_1_319' title='bbox 957 3876 974 3927; x_wconf 91' lang='grc'>2</span> <span class='ocrx_word' id='word_1_320' title='bbox 1001 3875 1121 3944; x_wconf 89' lang='lat' dir='ltr'>denique</span> <span class='ocrx_word' id='word_1_321' title='bbox 1139 3877 1328 3942; x_wconf 71' lang='lat' dir='ltr'>,Vertumnus</span> 
     </span>
     <span class='ocr_line' id='line_1_35' title="bbox 245 3960 1328 4031; baseline 0 -15"><span class='ocrx_word' id='word_1_322' title='bbox 245 3963 389 4030; x_wconf 88' lang='lat' dir='ltr'>Gipsatos,</span> <span class='ocrx_word' id='word_1_323' title='bbox 409 3960 487 4027; x_wconf 83' lang='lat' dir='ltr'>Sero,</span> <span class='ocrx_word' id='word_1_324' title='bbox 507 3961 635 4028; x_wconf 89' lang='lat' dir='ltr'>Pussula,</span> <span class='ocrx_word' id='word_1_325' title='bbox 655 3960 782 4030; x_wconf 85' lang='lat' dir='ltr'>Sciphus,</span> <span class='ocrx_word' id='word_1_326' title='bbox 802 3960 882 4028; x_wconf 83' lang='lat' dir='ltr'>Colu,</span> <span class='ocrx_word' id='word_1_327' title='bbox 902 3961 1035 4028; x_wconf 78' lang='lat' dir='ltr'>Stamina,</span> <span class='ocrx_word' id='word_1_328' title='bbox 1056 3961 1132 4015; x_wconf 87' lang='lat' dir='ltr'>Litia</span> <span class='ocrx_word' id='word_1_329' title='bbox 1150 3961 1224 4028; x_wconf 85' lang='lat' dir='ltr'>telis,</span> <span class='ocrx_word' id='word_1_330' title='bbox 1243 3962 1328 4031; x_wconf 89' lang='lat' dir='ltr'>Aqui-</span> 
     </span>
     <span class='ocr_line' id='line_1_36' title="bbox 243 4047 1329 4117; baseline 0.003 -17"><span class='ocrx_word' id='word_1_331' title='bbox 243 4053 336 4115; x_wconf 88' lang='lat' dir='ltr'>tanas,</span> <span class='ocrx_word' id='word_1_332' title='bbox 355 4047 510 4114; x_wconf 86' lang='lat' dir='ltr'>Jocundos,</span> <span class='ocrx_word' id='word_1_333' title='bbox 536 4047 677 4102; x_wconf 86' lang='lat' dir='ltr'>Redimita</span> <span class='ocrx_word' id='word_1_334' title='bbox 702 4047 851 4115; x_wconf 88' lang='lat' dir='ltr'>corimbis‘,</span> <span class='ocrx_word' id='word_1_335' title='bbox 873 4047 914 4101; x_wconf 91' lang='lat' dir='ltr'>ita</span> <span class='ocrx_word' id='word_1_336' title='bbox 939 4053 970 4103; x_wconf 94' lang='lat' dir='ltr'>ut</span> <span class='ocrx_word' id='word_1_337' title='bbox 989 4049 1086 4104; x_wconf 85' lang='lat' dir='ltr'>eadem</span> <span class='ocrx_word' id='word_1_338' title='bbox 1104 4063 1165 4102; x_wconf 90' lang='lat' dir='ltr'>sese</span> <span class='ocrx_word' id='word_1_339' title='bbox 1185 4049 1329 4117; x_wconf 86' lang='lat' dir='ltr'>excipiant</span> 
     </span>
     <span class='ocr_line' id='line_1_37' title="bbox 238 4133 1098 4206; baseline 0.002 -18"><span class='ocrx_word' id='word_1_340' title='bbox 238 4134 313 4189; x_wconf 81' lang='lat' dir='ltr'>baec</span> <span class='ocrx_word' id='word_1_341' title='bbox 331 4133 471 4190; x_wconf 81' lang='lat' dir='ltr'>voeabula</span> <span class='ocrx_word' id='word_1_342' title='bbox 489 4134 572 4203; x_wconf 88' lang='lat' dir='ltr'>serie,</span> <span class='ocrx_word' id='word_1_343' title='bbox 591 4148 646 4206; x_wconf 87' lang='lat' dir='ltr'>qua</span> <span class='ocrx_word' id='word_1_344' title='bbox 664 4135 770 4191; x_wconf 84' lang='lat' dir='ltr'>numeri</span> <span class='ocrx_word' id='word_1_345' title='bbox 789 4135 913 4205; x_wconf 86' lang='lat' dir='ltr'>adpositi</span> <span class='ocrx_word' id='word_1_346' title='bbox 931 4136 1098 4205; x_wconf 88' lang='lat' dir='ltr'>procedunt.</span> 
     </span>
    </p>
   </div>
   <div class='ocr_carea' id='block_1_10' title="bbox 0 0 1480 4500">
    <p class='ocr_par' dir='ltr' id='par_1_11' title="bbox 0 0 1480 4500">
     <span class='ocr_line' id='line_1_38' title="bbox 0 0 1480 4500; baseline 0 0"><span class='ocrx_word' id='word_1_347' title='bbox 0 0 1480 4500; x_wconf 95' lang='lat' dir='ltr'> </span> 
     </span>
    </p>
   </div>
  </div>
 </body>
</html>
