2948 4500
143 442 239 507 quam
265 422 383 507 lugiet,
419 422 616 490 simillimum
647 423 716 490 eius
744 425 912 508 exemplar
936 423 1112 492 Vincentio
1142 424 1185 490 ad
1207 442 1330 492 manus

147 528 257 595 fuisse.
299 567 302 571 -

251 633 399 700 Ceterum
422 639 458 698 ut
482 633 698 700 Vincentiaua
721 633 769 700 ita
791 633 1087 701 Nostrada'mensia
1117 632 1244 717 quoqne
1276 654 1331 700 ex-

148 745 261 822 cerpta
283 757 323 803 ex
346 738 510 821 excerptis
533 738 699 822 descripta
722 744 806 821 sunt,
829 759 905 803 nam
929 738 957 804 si
980 738 1052 823 ipse
1075 737 1163 803 illius
1179 736 1331 819 florilegii
1427 818 1430 823 Ι
1470 752 1473 757 ·

145 842 285 926 scriptor
301 843 362 908 bos
385 843 569 908 flosculose
592 843 703 908 codice
726 842 854 926 integro
877 842 1073 927 collegisset,
1097 846 1230 927 propter
1258 860 1330 906 eam

145 965 241 1028 quam
272 945 448 1012 identidem
478 946 733 1028 significavimus
770 947 998 1030 cognationem
1029 953 1061 1013 et
1091 944 1330 1012 consortionem
1403 937 1408 946 ¹

145 1057 259 1116 auctor
285 1051 452 1135 putandus
483 1056 569 1117 esset
599 1050 698 1115 etiarn
733 1052 929 1133 reliquorum
961 1056 1203 1134 excerptorum,
1238 1048 1328 1130 atqui

147 1175 210 1219 uon
234 1161 344 1239 potest
366 1160 480 1221 auctor
503 1175 584 1239 esse,
609 1155 697 1238 quod
719 1156 752 1220 in
783 1155 1008 1221 vincentianis
1031 1155 1194 1238 excerptis
1218 1172 1330 1219 versus

106 1320 111 1332 ,
150 1259 259 1324 insunt
282 1279 361 1341 quos
384 1259 534 1343 florilegii
558 1260 696 1344 scriptor
718 1259 836 1326 omisit.
909 1264 914 1275 “

251 1363 348 1428 Brevi
371 1363 469 1446 igitur
491 1372 526 1429 ut
550 1364 748 1448 complectar
771 1364 811 1429 de
836 1362 1172 1429 Nostradamensibus
1201 1369 1234 1428 et
1256 1361 1332 1429 Vin·

147 1467 308 1532 centianis
343 1473 375 1531 et
405 1467 627 1551 Scaligerauis
661 1468 823 1552 excerptis
854 1466 978 1532 Tibulli
1011 1487 1096 1549 quac
1133 1466 1211 1532 mibi
1245 1465 1330 1532 effici

143 1591 240 1655 posse
270 1570 459 1655 videantur,
478 1573 608 1637 nullum
632 1571 747 1637 borum
785 1573 953 1655 exemplar
983 1592 1024 1637 ex
1054 1570 1181 1655 integro
1209 1569 1330 1637 Tibulli
1426 1611 1429 1617 -

146 1674 259 1740 codice
283 1675 489 1759 compilatum
513 1683 573 1761 est,
597 1675 655 1742 sed
679 1676 788 1744 omnia
812 1696 853 1742 ex
876 1696 941 1741 una
957 1675 1166 1760 excerptione
1188 1674 1330 1740 deducta

142 1787 232 1845 sunt:
256 1780 433 1846 communis
457 1786 506 1846 est
521 1782 659 1847 omnium
682 1780 796 1846 borum
819 1781 903 1863 fons,
927 1779 1080 1863 quoniam
1096 1786 1130 1846 et
1152 1778 1327 1844 virtutibus

144 1890 176 1948 et
197 1883 287 1948 vitiis
309 1883 664 1968 egregieconspirant,
695 1905 760 1951 non
784 1884 920 1950 eundem
950 1903 1022 1950 esse
1053 1902 1125 1948 cum
1156 1902 1194 1949 eo
1224 1900 1242 1947 e
1266 1901 1329 1965 quo

143 1987 275 2053 codices
309 1987 412 2052 nostri
447 1986 570 2063 finxere
607 2008 625 2053 e
661 1972 891 2073 compluribus
913 1987 1050 2054 efficitur
1083 1986 1329 2072 discrepantiis:

142 2091 300 2174 primaria
330 2091 386 2155 illa
418 2090 580 2174 excerptio
610 2090 709 2157 etiam
747 2091 910 2175 copiosior
941 2096 1011 2157 erat
1046 2110 1145 2174 quam
1175 2097 1329 2174 excerpta
1395 2174 1397 2178 v

139 2194 445 2262 Nostradamensia.
496 2194 684 2260 Vincentius
722 2195 839 2278 quibus
879 2196 1030 2261 utebatur
1066 2194 1204 2262 exiliora
1234 2201 1329 2260 erant

140 2320 238 2381 quarn
268 2298 462 2381 florilegium
491 2298 692 2382 Parisinum,
721 2299 756 2365 id
785 2299 872 2382 quod
902 2319 967 2365 non
999 2300 1103 2385 solum
1132 2299 1328 2365 Tibullianis
1401 2304 1419 2317 ”

142 2404 200 2468 sed
237 2403 336 2469 etiam
365 2403 573 2469 Petronianis
609 2410 640 2468 et
669 2402 881 2469 Suetonianis
912 2403 1055 2470 flosculis
1089 2404 1328 2488 comprobatur.

141 2506 301 2590 Scaligeri
331 2509 465 2591 eclogae
500 2514 596 2573 erant
626 2507 801 2591 ampliores
833 2527 929 2591 quam
961 2528 1043 2591 quas
1073 2507 1264 2574 Vincentius
1294 2508 1328 2572 in

141 2613 307 2694 speculum
331 2610 509 2677 doctrinale
533 2612 652 2681 intulit.
697 2610 902 2678 Vincentium
926 2612 1040 2679 eodem
1064 2632 1157 2678 usum
1181 2631 1253 2678 esse
1275 2631 1328 2677 cx·

142 2721 325 2798 cerptorum
362 2716 539 2800 exemplari
570 2736 632 2800 quo
663 2715 865 2800 Scaligerum
901 2716 1007 2800 ipsum
1038 2715 1190 2799 equidem
1220 2735 1327 2799 nequo

140 2818 323 2901 praefracte
345 2838 466 2902 negare
496 2840 601 2904 neque
624 2841 684 2905 pro
708 2828 797 2887 certo
821 2821 994 2887 adfirmare
1017 2820 1122 2886 ausim
1133 2819 1181 2902 ⁷5).

245 2923 431 2989 Extremum
456 2931 562 2990 estut
586 2923 626 2989 de
650 2925 770 2991 virtute
794 2931 826 2991 et
841 2925 1036 2991 auctoritate
1059 2924 1173 2990 borum
1197 2943 1328 3008 excerp·

140 3032 245 3091 torum
268 3025 437 3092 disseram.
486 3048 558 3094 cum
581 3029 666 3113 euim
691 3029 730 3094 de
754 3027 976 3113 Frisingensis
993 3027 1212 3112 excerptionis
1234 3047 1327 3112 prae·

142 3130 266 3196 stantia
297 3131 426 3197 omnino
462 3153 526 3199 non
558 3133 702 3199 dubitem
739 3134 847 3199 iacere
882 3154 954 3199 cum
981 3133 1153 3214 Muessern,
1188 3137 1254 3198 tum
1287 3126 1331 3197 dev

141 3235 256 3301 ceteris
280 3235 377 3301 valde
393 3236 568 3325 abhorrere
597 3239 640 3303 ab
663 3237 749 3304 illius
771 3238 894 3306 iudicio
916 3256 1021 3305 meum
1043 3237 1144 3303 bbere
1166 3235 1328 3321 profiteor.

142 3359 219 3403 nam
250 3338 331 3405 baec
365 3347 519 3425 excerpta
554 3341 608 3406 ille
644 3343 774 3409 tametsi
805 3342 923 3426 'negari
952 3363 1016 3409 non
1050 3361 1148 3426 posse
1179 3339 1328 3407 concedit

141 3443 222 3508 locis
246 3444 409 3510 nonnullis
440 3445 591 3512 meliores
614 3448 771 3530 praebere
802 3448 980 3532 scripturas
1011 3467 1108 3530 quam
1137 3445 1251 3529 plenos
1274 3443 1328 3508 Ti·

142 3547 220 3613 bulli
244 3547 384 3633 codices
417 3555 527 3616 tamen
556 3551 589 3616 in
613 3552 727 3617 critica
749 3551 931 3617 factitanda
955 3550 1074 3617 nullius
1105 3548 1233 3616 omuino
1263 3567 1328 3613 mo·

143 3651 243 3717 menti
267 3670 339 3716 esse
361 3652 520 3719 adfirmat.
564 3654 734 3720 videamus
758 3656 857 3738 igitur
878 3655 1033 3739 primum,
1057 3654 1175 3736 quibus
1198 3652 1255 3719 ille
1283 3651 1327 3717 ad

142 3755 375 3821 stabiliendam
407 3776 498 3821 suam
536 3759 727 3824 sententiam
759 3764 868 3825 utatur
900 3758 1110 3840 argumentis.
1155 3763 1327 3843 postquam

141 3986 343 3993 —------....——⁴

198 4102 229 4170 ³³)
248 4103 283 4158 de
311 4103 422 4159 duobus
451 4104 521 4159 locis
548 4104 650 4174 quibus
682 4105 755 4160 inter
782 4121 812 4162 se
842 4105 953 4162 differre
988 4111 1122 4176 utrosque
1149 4111 1264 4162 cunstat
1291 4102 1327 4167 cl,

247 4206 314 4260 pag.
332 4191 376 4248 32.
