2948 4500
713 199 754 266 27

140 407 287 478 *Omnia
311 417 385 477 sunt
408 418 544 496 operata
568 411 647 477 deo:
670 432 734 477 non
758 409 879 476 audeat
902 407 968 473 ulla

188 515 395 582 *Lanifioam
419 517 530 601 pensis
555 516 748 600 imposuisse
771 534 912 580 manum.
1288 503 1346 568 10‘
1416 504 1422 529 ''

141 619 238 684 *Vos
262 640 388 703 quoque
412 622 531 687 abesse
554 619 665 705 procul
689 621 795 702 iubeo,
820 618 968 685 discedat
991 617 1032 681 ab
1055 612 1122 678 aris
1417 608 1425 645 '¹

186 723 275 789 *Cui
298 725 372 789 tulit
396 725 548 791 hesterna
571 725 695 809 gaudia
718 732 813 791 nocte
835 725 953 789 Venus.

172 827 273 892 Casta
296 830 428 912 placent
451 829 591 913 superis:
614 850 697 914 pura
721 850 791 893 cum
813 832 913 893 mente
934 826 1042 892 venite

212 933 253 998 Et
277 934 425 998 manibus
450 935 540 1018 puris
564 935 679 1000 sumite
708 932 807 999 sontis
831 951 959 1014 aquam.
984 932 1040 1017 (II,
1065 927 1235 1012 1,5-14)

300 1111 338 1170 111
361 1080 465 1172 eodem
488 1112 525 1172 de
547 1110 596 1172 his
620 1111 673 1190 qui
694 1109 785 1172 festio
807 1109 915 1172 diebus
938 1126 1062 1189 operam
1084 1109 1170 1169 dant.
1286 1164 1289 1169 .

143 1229 259 1294 *Vina
289 1229 374 1292 diem
399 1228 552 1294 celebrant
575 1249 633 1294 neo
656 1211 741 1297 festa
764 1228 834 1316 lure
857 1228 990 1302 madere

183 1330 343 1413 *nesus
375 1340 479 1419 rubor,
504 1340 648 1399 errantes
672 1339 703 1398 et
726 1333 810 1398 male
832 1333 916 1399 ferre
938 1330 1049 1416 pedes.

946 1437 1003 1521 (II,
1030 1438 1057 1519 1,
1080 1434 1221 1516 29-30)

301 1616 341 1676 In
364 1615 469 1677 eodem
492 1618 572 1695 qnod
593 1616 712 1677 rustica
733 1615 804 1679 vita
825 1615 931 1695 potius
953 1613 996 1676 sit
1019 1613 1163 1693 optanda.

170 1733 255 1797 Rura
279 1732 353 1797 colis
375 1733 523 1815 rurisque
545 1733 634 1799 deos.
657 1733 708 1799 his
731 1732 801 1797 vita
823 1731 992 1815 magistris

212 1836 370 1901 Desuevit
392 1856 515 1919 querna
536 1838 659 1920 pellere
682 1836 804 1918 glande
826 1836 960 1901 famem:
1073 1921 1076 1926 Ι

170 1940 222 2004 llli
246 1941 436 2024 compositis
460 1941 595 2024 primum
620 1941 758 2006 docuere
781 1939 954 2025 tegollis4⁹)

210 2043 373 2127 Exiguam
397 2045 494 2110 viridi
518 2046 632 2112 fronde
656 2046 784 2129 operire
808 2047 946 2129 domum,

173 2148 225 2212 llli
248 2149 346 2213 etiam
370 2157 481 2215 tauros
505 2150 601 2234 primi
625 2151 775 2216 docuisse
798 2150 942 2216 feruntur

212 2253 386 2319 Servitium
410 2262 441 2321 et
463 2255 611 2339 plaustro
635 2256 845 2339 supposuisse
867 2262 982 2322 rotam.
1026 2293 1029 2297 ,

169 2358 247 2422 Tum
270 2358 374 2424 vietus
397 2359 509 2425 abiere
531 2359 591 2425 feri
615 2381 686 2426 oum
709 2362 834 2426 consita
856 2380 982 2445 pomus,
1011 2431 1014 2436 ,

212 2463 293 2528 Tum
317 2463 400 2529 bibit
422 2464 562 2546 irriguas
585 2463 702 2530 fertilis
725 2469 813 2529 ortuo
835 2483 949 2548 aquas,

169 2566 279 2631 Aurea
301 2572 366 2631 tono
388 2587 519 2651 pressos
543 2568 683 2654 pedibus
707 2567 798 2634 dedit
822 2589 887 2634 uva
909 2569 1049 2652 liquores
1079 2582 1081 2587 ’
1283 2563 1325 2625 45
1394 2571 1398 2577 ’

183 2660 381 2754 *Mixtaque
404 2691 518 2738 securo
541 2672 638 2753 est⁵⁰)
662 2672 772 2738 sobria
795 2672 929 2756 lympha
953 2692 1051 2740 mero.

168 2773 257 2838 Rura
280 2772 388 2839 ferunt
410 2795 546 2857 messes,
571 2776 670 2840 calidi
694 2796 766 2841 eum
790 2776 908 2842 sideris
933 2781 1026 2841 aestu

215 2878 357 2962 Deponit
379 2878 489 2944 flavas·
507 2899 616 2946 annua
639 2890 726 2946 terra
749 2900 869 2946 comas.

169 2983 257 3047 Rura
270 2983 361 3048 <levis
383 3002 482 3049 verno
505 2984 602 3051 flores
625 2986 698 3069 apis
721 2987 837 3068 iuuerit
858 2987 953 3052 alveo

214 3087 384 3170 Oompleat
407 3095 441 3153 ut
463 3087 549 3155 dulei
572 3089 688 3155 sedula
710 3091 806 3156 melle
821 3089 925 3158 favos.
949 3093 1003 3174 (11,
1030 3096 1056 3176 1,
1079 3090 1220 3173 37-50)
1280 3088 1323 3154 50

167 3261 296 3326 Accedit
318 3262 422 3326 tacitis
443 3262 541 3345 fulvis
564 3263 782 3331 circumdatus
806 3266 868 3370 alis

213 3365 375 3446 Sompnus
392 3372 423 3432 et
446 3367 568 3434 incerto
587 3369 744 3451 Sompnia
766 3371 862 3453 nigra
877 3370 971 3454 pede.
995 3370 1052 3456 (II,
1074 3374 1100 3452 l,
1116 3371 1265 3452 89-90).

171 3521 213 3585 Te
237 3521 292 3585 lidi
313 3523 487 3602 quaesieris
509 3529 663 3607 totumque
684 3545 742 3609 per
765 3526 875 3591 orbem

210 3625 384 3708 Mortis⁵¹)
407 3635 480 3691 arat
503 3628 613 3695 valido
637 3630 776 3696 rusticus
800 3626 985 3698 arrabone
1056 3655 1059 3661 ·

191 3917 222 3986 ⁴⁸)
240 3917 321 3974 Vino.
339 3932 416 3973 exeo.
435 3920 504 3987 ‚estt

191 4005 223 4072 ⁴⁰)
242 4021 324 4062 manu
342 4007 465 4062 secunda
484 4015 601 4063 oouect.
620 4009 649 4063 iu
667 4009 794 4079 ,tigillist

189 4093 221 4158 ³⁰}
240 4092 405 4150 Vincentius
424 4092 513 4148 altero
532 4093 597 4150 looo
616 4097 677 4164 ,est‘
696 4097 790 4153 omisit

193 4179 225 4247 ⁵¹)
244 4170 444 4238 contestanis
463 4179 574 4252 ,fortis‘⁸
