2948 4500
708 209 751 283 35

637 310 836 318 m

142 426 196 492 ubi
231 428 312 493 haec
345 426 497 511 leguntur
531 434 634 512 ,casta
667 451 782 515 precor
817 429 958 495 coniunx
992 447 1126 494 maneas
1158 417 1328 508 sanctique
1377 429 1380 433 ’
1461 412 1473 519 ’,1.

143 532 277 613 pudoris
300 530 477 598 adsiderat‘
501 533 588 618 [lege
603 533 790 622 ,adsideat‘l
814 554 863 617 ,cu
918 532 1067 598 ssedula
1087 550 1215 614 semper
1238 548 1330 594 anus.

143 655 203 700 nec
226 655 326 701 saevo
350 637 396 702 sis
412 645 506 703 casta
529 644 615 703 metu
631 639 690 705 sed
706 645 813 703 mente
837 637 900 702 fide
915 637 936 702 i.
967 643 1115 703 versatur
1138 633 1236 717 celeri
1260 651 1331 697 sors
1437 652 1467 723 '.

142 740 226 804 levis
258 742 334 807 orbe
366 741 455 807 oito‘:
491 743 623 808 conflati
657 750 732 809 sunt
762 751 828 810 tres
851 742 932 826 loci,
964 761 1046 807 unus
1076 740 1106 822 Ι,
1140 739 1170 820 3,
1194 737 1330 819 83-84,
1440 772 1451 837 1ι

144 845 227 909 alter
250 845 275 928 Ι,
301 850 329 927 6,
354 846 404 928 75,
433 847 548 913 tertius
578 849 608 932 Ι,
630 849 676 928 ’5,
706 849 756 913 70.
786 848 1004 921 ,0101000000
1035 843 1098 909 loci
1128 842 1332 928 reperiuntur
1442 862 1468 903 ·.

145 948 261 1013 iterum
286 949 449 1016 coniuncti
466 953 485 1017 l.
502 972 528 1019 0.
547 952 619 1035 Vll,
643 952 713 1034 37³)
754 954 809 1034 qui
833 971 955 1034 quaeso
971 949 1056 1014 hanc
1077 964 1228 1025 uersuum
1251 965 1335 1011 corn·
1431 972 1433 977 ·

146 1052 336 1119 mixtionem
370 1055 403 1125 in
434 1076 500 1138 qua
533 1075 573 1122 ne
609 1058 689 1123 ordo
724 1057 853 1140 quidem
889 1054 1067 1120 carminum
1101 1057 1249 1117 servatus
1284 1054 1334 1114 est

145 1156 369 1243 expediamus
393 1160 456 1224 nisi
473 1160 501 1224 si
525 1163 688 1244 excerptis
705 1161 912 1227 Vincentium
935 1180 1027 1225 usum
1043 1177 1117 1223 esse
1140 1161 1331 1234 statuamus,

145 1261 177 1324 in
201 1261 318 1343 quibus
342 1262 462 1345 singuli
492 1265 555 1329 loci
587 1266 701 1331 ordine
724 1267 780 1331 illo
811 1265 896 1329 inter
928 1284 962 1329 se
990 1260 1191 1345 exceperint.
1237 1277 1331 1341 quarn

145 1365 183 1429 in
204 1387 272 1431 rem
296 1373 427 1450 optume
451 1369 607 1453 quadrat,
636 1371 722 1452 quod
754 1370 852 1436 etiam
880 1368 913 1433 in
942 1362 1257 1434 Notradamensibus
1281 1380 1334 1424 ex·
1436 1412 1439 1417 .

146 1469 266 1552 carptis
301 1491 413 1536 versus
448 1492 518 1557 ,nec
546 1494 645 1539 saevo
681 1474 725 1540 sis
760 1479 853 1539 casta
887 1479 974 1537 metu
1003 1469 1063 1535 sed
1097 1472 1204 1533 mente
1232 1464 1331 1529 fideli‘
1436 1474 1440 1478 ·

146 1574 185 1656 (Ι,
211 1575 240 1654 6,
265 1574 320 1658 75)
345 1577 513 1658 praecedit
542 1577 590 1641 illi
620 1586 780 1662 ,versatur
809 1576 907 1643 celeri
938 1595 1008 1641 sors
1039 1573 1120 1638 levis
1150 1570 1227 1636 orbe
1260 1567 1334 1634 cito‘

148 1678 187 1760 (Ι,
210 1679 240 1761 5,
265 1679 329 1761 70).
375 1680 485 1763 itaque
506 1680 570 1746 iam
595 1703 658 1747 non
676 1682 787 1748 dubito
811 1681 887 1764 quin
912 1679 1026 1746 eadem
1050 1679 1133 1742 inter
1149 1672 1336 1739 Tibulliana

151 1780 310 1847 Vincentii
342 1790 374 1848 et
396 1782 548 1867 florilegii
567 1786 710 1851 Parisini
734 1792 887 1869 excerpta
910 1783 1092 1849 intercedat
1121 1776 1335 1857 necessitudo,
1429 1772 1432 1777 ’

146 1905 242 1966 quam
267 1886 351 1951 inter
375 1887 541 1969 utriusque
565 1898 719 1974 excerpta
741 1890 942 1956 Petroniana
966 1884 1167 1953 intercedere
1199 1887 1336 1947 constat.
1429 1936 1432 1947 ,
1466 1940 1470 1947 ,

148 1990 335 2055 Vincentius
359 1991 444 2055 enim
468 1992 550 2057 nihil
573 2013 590 2057 e
613 1994 765 2061 Petronio
789 1993 907 2078 adfert,
939 1990 1025 2074 quod
1057 2010 1121 2055 non
1145 1985 1337 2069 florilegium

147 2093 329 2158 Parisinom
347 2096 508 2178 exhibeat,
532 2096 684 2180 florilegii
701 2105 857 2183 excerpta
873 2096 1073 2163 Petroniana
1090 2112 1222 2158 numero
1238 2090 1335 2172 longe

147 2203 221 2261 sunt
251 2199 446 2282 copiosiora
472 2220 568 2282 quam
598 2202 776 2285 Vincentii,
816 2202 996 2286 scripturae
1031 2205 1140 2264 autem
1170 2195 1338 2276 utriusque

148 2301 260 2365 mirum
285 2302 317 2367 in
341 2304 469 2370 modum
496 2304 695 2371 concordant
725 2307 823 2370 etiam
852 2305 883 2371 in
910 2303 1099 2388 corruptelis
1110 2300 1158 2383 74).
1203 2297 1339 2379 nequis

147 2405 297 2488 exempla
320 2405 498 2489 desideret,
527 2409 560 2473 in
584 2410 655 2477 cod,
685 2410 794 2476 Nostr.
823 2409 855 2473 hi
888 2429 1002 2474 versus
1031 2407 1183 2488 leguntur
1213 2409 1275 2468 sat.
1301 2405 1339 2464 14
1429 2413 1431 2416 ’
1470 2394 1473 2399 ’

150 2509 240 2592 (pag.
260 2510 308 2593 15,
333 2511 426 2594 7-8,
452 2515 486 2576 1]
508 2514 640 2597 Buech.)

252 2612 342 2695 ,quid
359 2614 479 2680 fatiunt
495 2617 584 2698 leges
607 2616 663 2681 ubi
687 2618 758 2682 sola
781 2618 921 2701 pecunia
944 2621 1060 2698 regnat
1171 2699 1174 2705 Δ

301 2725 357 2784 aut
380 2719 434 2783 ubi
458 2727 638 2803 paupertas
668 2722 797 2787 uincere
820 2723 910 2787 nulla
933 2725 1050 2805 potest.
1081 2686 1179 2771 s

303 2822 368 2886 iam
398 2843 483 2887 nune
505 2823 654 2889 iuditium
677 2825 777 2890 nichil
801 2832 852 2890 est
874 2825 936 2889 nisi
960 2823 1259 2908 publica-:mercesfi

150 2925 342 2991 Vincentius
366 2926 425 2992 hos
449 2948 563 2993 versus
586 2928 699 2993 itidem
724 2929 836 2995 scribit

257 3028 346 3114 ‚quid
369 3030 494 3095 faciunt
515 3032 610 3114 leges
631 3033 686 3097 ubi
710 3033 781 3098 Sola
804 3032 942 3116 pecunia
966 3039 1083 3114 regnat

296 3141 353 3199 aut
374 3135 429 3199 ubi
452 3143 631 3219 paupertas
657 3136 787 3202 uincere
812 3138 904 3205 nulla.
923 3143 1033 3221 potest
1151 3145 1154 3157 '

296 3237 362 3303 iam
385 3260 469 3304 nunc
491 3239 646 3305 iudicium
670 3242 750 3306 nibil
774 3248 822 3308 est
845 3242 907 3307 nisi
931 3241 1064 3326 publica
1089 3239 1230 3320 merces‘,

152 3342 284 3407 codices
307 3363 384 3408 vero
408 3343 580 3410 Leidensis
603 3352 635 3410 et
658 3352 820 3412 vetustate
844 3366 883 3411 ae
914 3347 1058 3412 bonitate
1082 3345 1244 3411 excellens
1269 3343 1344 3407 Ber·

152 3446 262 3512 nensis
287 3454 318 3511 et
341 3447 493 3530 volgares
517 3448 565 3513 ita

256 3550 343 3633 ,quid
369 3551 491 3616 faciant
514 3553 605 3636 leges
630 3552 684 3619 ubi
708 3556 779 3620 sola
802 3555 942 3639 pecunia
965 3562 1084 3636 regnat

299 3661 355 3720 aut
378 3655 432 3720 ubi
455 3664 633 3740 paupertas
657 3660 786 3724 vincere
810 3660 901 3724 nulla
925 3666 1044 3742 potest.

210 4019 240 4089 ἵ3)
259 4019 296 4077 of.
317 4021 400 4076 etiam
420 4020 464 4092 Vl,
484 4024 525 4092 73,
543 4025 592 4079 ubi
611 4025 711 4078 eodem
729 4024 813 4079 modo
831 4023 936 4079 Tibulli
957 4023 1006 4092 III,
1024 4024 1048 4091 3,
1068 4022 1179 4090 11-13,
1199 4021 1229 4077 lo
1248 4026 1278 4075 et
1297 4021 1355 4082 ΙΙΙ,

258 4109 284 4178 3,
303 4109 407 4162 ‘29:32
425 4120 454 4164 et
472 4111 521 4178 Ill,
539 4113 564 4175 4,
584 4111 651 4165 7-8
670 4112 885 4167 consociantur.
921 4108 922 4111 ’

211 4195 238 4260 ⁷⁴)
256 4195 292 4250 cf,
311 4196 409 4253 Franc.
429 4196 600 4257 Buecheleri
620 4201 713 4273 prael.
732 4185 1264 4270 Patron..pag.iknux-nmm.
1336 4246 1374 4295 a*
