2948 4500
734 61 920 161 Aa..

244 270 328 338 cnim
353 271 374 337 l
398 290 425 336 c.
449 292 527 356 pag.
550 271 591 336 74
614 293 656 339 ss.
680 292 753 338 eam
782 275 823 339 ob
848 295 996 341 caussam
1021 274 1143 340 Tibulli
1173 271 1318 338 carmina
1349 292 1433 357 prae

245 375 441 443 Catullianis
481 383 513 442 et
543 377 768 471 Propertianis
807 381 938 464 saepius
971 400 1044 446 esse
1083 386 1239 464 excerpta
1274 376 1433 458 ostendit,

244 480 331 562 quod
364 481 434 547 eins
463 488 581 566 poetae
611 485 813 568 exemplaria
843 506 901 569 per
928 486 1038 569 priora
1065 485 1164 549 medii
1194 483 1268 550 aevi
1297 480 1435 549 saecula

245 603 345 666 usque
370 584 412 650 ad
436 585 641 653 undecimum
664 587 803 654 fortasse
831 595 887 655 aut
911 589 955 654 ad
986 590 1116 656 tertium
1140 588 1298 656 decimum
1322 586 1434 669 magis

244 688 364 753 luerint
398 688 584 773 divolgata,
624 692 784 776 triplicem
824 693 997 779 archetypi
1030 694 1208 759 Tibulliani
1249 711 1350 774 usqne
1386 690 1434 754 ad

244 792 420 858 Petrarcae
444 801 590 878 tempora
622 797 892 880 propagationem
915 797 1124 863 statuendam
1151 817 1229 863 esse
1252 796 1307 863 ait.
1354 814 1434 859 narn

246 895 495 980 Carolingorum
518 905 627 964 aetate
650 900 683 964 in
700 899 809 966 Gallia
832 901 979 967 extitisse
997 901 1207 985 archetypon,
1229 899 1315 983 quod
1338 918 1435 982 prac-

247 1006 296 1064 ter
325 1007 477 1082 quattuor
504 1003 605 1070 libros
636 1005 735 1070 etiam
764 1004 902 1090 priapea
933 1006 1054 1072 ducet
1083 1005 1216 1070 Domitii
1245 1003 1345 1068 Marsi
1369 1002 1436 1086 epi·

246 1123 396 1185 gramma
411 1107 716 1190 comprehenderit:
748 1129 789 1175 ex
811 1110 872 1174 hoc
895 1110 1008 1176 codice
1030 1109 1162 1174 fluxisse
1186 1109 1322 1192 primum
1348 1127 1435 1171 nono

247 1208 378 1275 saeculo
394 1210 446 1275 vel
470 1211 593 1277 decimo
611 1212 771 1295 Scaligeri
789 1214 933 1280 codicem
950 1214 1162 1280 (luiacianum
1178 1214 1435 1296 pervetustum,
1461 1298 1466 1305 ,

249 1311 341 1378 cuius
364 1334 515 1380 maxuma
538 1336 616 1399 pars
639 1336 740 1400 usque
763 1316 806 1383 ad
830 1319 890 1402 Ill,
912 1318 942 1402 4,
966 1318 1008 1383 65
1024 1319 1163 1384 saeculis
1186 1315 1437 1398 insequentibus

248 1416 422 1502 absumpta
452 1419 504 1487 sit.
555 1427 724 1504 praeterea
756 1422 869 1488 eodem
905 1423 972 1488 iere
1002 1429 1145 1506 tempore
1183 1442 1223 1487 cx
1254 1421 1438 1503 archetypo

248 1521 386 1586 alterum
410 1541 599 1608 expressum
615 1546 688 1593 esse
711 1527 865 1609 codicem,
888 1527 921 1592 in
945 1547 1038 1609 quem
1058 1527 1196 1610 priapea
1219 1526 1277 1590 illa
1300 1532 1440 1609 propter

249 1626 483 1693 obscenitatem
518 1648 610 1695 suam
644 1650 709 1695 non
738 1637 869 1715 recepta
901 1630 981 1713 sint,
1017 1631 1169 1697 omissum
1203 1649 1275 1696 esse
1310 1629 1342 1692 in
1373 1628 1440 1693 lroc

249 1729 348 1821 etiam
372 1750 488 1797 nomen
512 1732 646 1799 Domitii
673 1734 784 1819 Marsi,
808 1735 884 1817 quia
907 1734 1061 1800 librarius
1093 1736 1194 1800 verba
1223 1732 1349 1818 ,incipit
1370 1732 1443 1815 epi-

250 1854 399 1916 gramma
422 1836 567 1901 Domitii‘
589 1857 741 1903 eorumve
770 1839 890 1903 similia
907 1860 966 1922 pro
982 1840 1094 1905 ultimo
1118 1837 1342 1904 antecedentis
1367 1856 1442 1900 car·

253 1938 349 2004 minis
372 1939 515 2006 trimetro
540 1941 700 2026 habuerit,
723 1949 789 2006 turn
813 1943 943 2007 saeculo
968 1942 1045 2009 XIV
1077 1943 1129 2007 vel
1161 1942 1223 2007 XV
1246 1943 1347 2005 virum
1373 1941 1443 2004 lta-

252 2040 320 2107 lnm
349 2041 483 2109 Domitii
513 2045 716 2128 epigramma
747 2045 899 2112 reiecisse
927 2046 960 2109 in
995 2046 1089 2110 linem
1119 2047 1207 2112 vitae
1243 2045 1363 2111 Tibulli
1395 2046 1442 2110 ab

252 2145 324 2230 ipso
340 2147 563 2215 concinnatae.
593 2148 688 2216 huius
704 2150 847 2215 familiae
860 2150 1004 2215 codicem
1022 2170 1092 2216 esse
1108 2151 1227 2215 fontem
1250 2171 1314 2215 non
1331 2151 1440 2215 solum

252 2249 392 2315 omniurn
416 2259 596 2319 nostrornm
615 2253 777 2336 codicum,
800 2273 934 2336 quorum
957 2255 1063 2320 nullus
1087 2263 1164 2320 ante
1185 2255 1247 2320 XV
1271 2254 1441 2320 saeculum

254 2354 394 2439 scriptus
418 2364 476 2438 est,
501 2357 559 2422 sed
588 2358 687 2423 etiam
716 2354 941 2441 excerptorum
971 2358 1246 2441 Frisingensium,
1277 2378 1359 2439 qrrao
1390 2358 1442 2422 Xl

254 2461 383 2525 saeculo
406 2461 439 2525 in
463 2460 638 2526 Germania
662 2481 680 2526 e
702 2461 786 2526 libro
816 2463 943 2545 integro
977 2462 1143 2546 descripta
1174 2462 1249 2527 sint.
1295 2462 1441 2543 denique

255 2564 456 2648 archetypon
480 2601 519 2613 —-
543 2564 577 2629 id
600 2565 687 2648 quod
712 2565 839 2631 circiter
855 2565 942 2631 idern
965 2574 1092 2650 tempus
1116 2567 1215 2632 etiarn
1237 2566 1348 2633 Ovidii
1371 2587 1444 2631 car·

257 2669 397 2736 minibus
420 2670 587 2736 amatoriis
611 2669 768 2735 acciderit
783 2706 823 2716 --
839 2669 939 2737 valde
962 2671 1165 2736 decurtatum
1188 2691 1260 2736 csse
1284 2670 1445 2736 abscissis

255 2775 338 2840 libro
355 2781 471 2857 quarto
494 2781 527 2838 et
543 2773 742 2857 appendice:
768 2794 806 2838 ex
823 2773 917 2839 huius
940 2775 1083 2839 familiae
1104 2776 1297 2859 apographo
1322 2774 1445 2840 deinde

256 2885 411 2963 excerpta
434 2884 543 2943 cetera
566 2877 675 2943 omnia
699 2877 832 2942 duxisse
855 2876 1024 2962 originem,
1049 2877 1168 2962 quippe
1199 2899 1282 2961 quae
1306 2874 1349 2943 a'd
1372 2885 1445 2945 tres

255 2983 376 3067 primos
405 2981 591 3065 pertineant
624 2981 740 3063 libros,
777 2981 944 3047 librarium
979 2989 1087 3047 autem
1122 3003 1192 3047 eum
1223 2984 1276 3065 qui
1308 2983 1447 3050 Nostra·

257 3086 428 3152 damcnsia
452 3086 689 3169 conscripserit,
712 3084 857 3152 flosculis
881 3085 947 3150 illis
970 3087 1132 3153 adiecisse
1156 3107 1196 3152 ex
1219 3088 1344 3170 integro
1368 3107 1449 3169 quo-

258 3193 334 3258 dam
358 3190 480 3257 Tibulli
502 3190 615 3257 codice
638 3191 722 3256 alios
752 3192 873 3257 electos
903 3209 921 3255 e
944 3191 1147 3276 panegyrico
1179 3192 1222 3255 ad
1245 3192 1449 3258 Messallam.

258 3298 306 3362 ita
329 3316 400 3361 curn
424 3295 572 3379 primitus
595 3295 764 3361 codicibus
787 3296 908 3361 nostris
931 3297 1043 3380 purior
1072 3302 1105 3361 et
1134 3296 1265 3361 uberior
1295 3296 1366 3360 fons
1390 3295 1449 3361 ille

257 3400 386 3466 fluxerit
409 3420 505 3483 quarn
530 3399 580 3465 his
605 3402 778 3484 excerptis,
802 3408 869 3466 turn
892 3400 992 3465 etiam
1015 3401 1122 3484 magis
1146 3400 1272 3467 turbari
1295 3407 1329 3465 et
1352 3400 1448 3465 obrui

258 3512 484 3589 excerptorum
508 3504 729 3587 integritatem
753 3504 911 3570 aelidem
941 3526 980 3570 ea
1003 3525 1053 3588 re,
1084 3505 1172 3588 quod
1203 3503 1448 3588 excerptoribns

258 3611 313 3692 qui
337 3610 516 3677 sententias
541 3631 558 3675 e
582 3610 795 3676 continuitate
818 3610 997 3676 carminum
1021 3617 1151 3694 ereptas
1182 3610 1226 3676 ad
1249 3610 1447 3694 peculiarem

259 3715 446 3800 plerumque
477 3714 705 3780 revocaverint
729 3734 876 3797 sensum,
907 3715 1127 3799 interpolandi
1150 3722 1258 3781 textus
1283 3720 1315 3780 et
1337 3715 1450 3778 immu-

259 3819 353 3885 tandi
375 3819 631 3884 innumerabiles
655 3817 776 3885 luerint
792 3839 942 3901 caussae,
968 3818 1116 3884 codicum
1140 3840 1217 3884 vero
1235 3818 1449 3902 scriptoribus

259 3924 379 3991 nullae.
425 3924 543 4008 quibus
563 3923 712 3990 omnibus
736 3923 937 4006 argumentis
961 3923 1053 4006 ellici,
1078 3929 1301 4007 excerptorum
1318 3927 1451 4005 praeter

260 4028 489 4114 Frisingensia
519 4028 554 4093 in
578 4025 693 4094 critica
721 4034 792 4094 arte
817 4028 937 4123 nullam
965 4027 1126 4093 rationem
1157 4047 1230 4093 csse
1254 4025 1449 4107 habendam,
