2948 4500
713 170 756 236 23

630 262 834 272 m...—

245 386 283 449 In
305 385 417 448 eodem.

818 502 885 566 Nec
907 521 1018 566 amare
1042 497 1169 564 decebit

215 608 332 674 Dicere
355 629 416 674 nec
439 628 521 674 cano
544 608 725 674 blanditias
749 609 857 689 cupite.

217 713 286 777 lam
310 712 419 777 veniet
441 712 583 779 tenebris
608 714 697 778 Mors
721 713 881 797 adoperta
905 717 1002 794 caput

171 818 240 882 lam
265 823 413 900 surrepet
436 817 522 883 iners
547 823 659 883 aetas:
685 837 742 882 vos
766 817 862 898 signa
885 816 1046 897 tubaeque

214 922 264 986 lte
287 921 410 1004 procul,
435 921 563 1004 cupidis
587 923 720 987 vulnera
743 920 823 984 ferte
847 918 935 1001 viris,

172 1025 268 1089 Ferte
293 1030 324 1088 ct
347 1044 442 1107 opes:
466 1044 527 1106 ego
551 1025 729 1108 composito
752 1044 884 1089 securus
908 1041 1024 1087 acervo

215 1127 402 1212 Despiciam
427 1128 512 1194 dites
537 1129 778 1212 despiciamque
802 1128 930 1208 famem.
960 1127 998 1209 (Ι,
1017 1131 1043 1207 l,
1061 1125 1111 1207 71,
1128 1122 1177 1203 72,

861 1232 911 1316 70,
928 1232 978 1315 71,
995 1225 1134 1308 75-78)

189 1421 263 1487 Non
281 1441 343 1504 ego
368 1422 395 1487 si
419 1423 520 1488 merui
545 1423 687 1488 dubitem
711 1423 922 1507 procumbere
946 1420 1075 1504 templis
1282 1415 1324 1480 83

220 1526 262 1590 Et
284 1527 435 1591 miserum
460 1534 573 1594 sancto
590 1526 725 1592 tundere
747 1533 840 1611 poste
865 1533 972 1610 capnt.
1283 1519 1324 1583 86

180 1629 238 1710 Qui
259 1632 390 1695 nimiam
412 1632 518 1696 laetus
542 1630 630 1696 rides
653 1631 741 1695 mala
763 1638 876 1696 nostra
900 1636 1013 1695 caveto

217 1735 293 1798 Mox
317 1733 377 1798 tibi
400 1735 551 1798 elbretus
575 1735 699 1800 saeviet
721 1753 824 1816 usque
847 1733 936 1798 deus,

144 1836 249 1903 *vidi
272 1857 334 1919 ego
358 1836 412 1919 qui
435 1839 564 1902 miseros
585 1839 730 1902 invenem
753 1837 957 1918 dampnarent
979 1854 1105 1900 amores
1217 1861 1223 1875 r

184 1944 292 2007 *Post
315 1940 451 2006 Veneris
476 1941 593 2006 vinclis
617 1940 756 2006 subdere
780 1941 865 2005 colla
888 1959 997 2006 senem
1281 1934 1324 2000 90

140 2046 211 2111 *ut
234 2046 298 2111 sibi
320 2045 502 2111 blanditias
525 2046 663 2111 tremula
687 2064 878 2130 componere
902 2064 981 2110 voce

190 2149 259 2214 *Et
282 2149 431 2215 manibus
456 2149 604 2235 canas34)
627 2150 749 2233 fingere
772 2151 856 2216 velle
880 2169 1003 2215 comas:

175 2254 271 2320 Stare
294 2274 354 2319 nec
377 2261 454 2319 ante
477 2253 564 2319 fores
587 2254 703 2339 puduit
727 2274 864 2320 caraeve
887 2253 1017 2338 puellae

216 2359 374 2424 Ancillam
398 2359 504 2424 medio
529 2358 721 2424 detenuisse-
737 2342 823 2425 soro.b

175 2463 269 2527 Hunc
293 2483 381 2546 puer,
404 2462 487 2526 bunc
510 2461 636 2527 iuvenis
660 2464 755 2528 turba
779 2461 980 2527 circumdedit
1002 2467 1095 2525 areta
1283 2458 1324 2522 95

216 2566 353 2646 Respuit
367 2566 400 2630 in
417 2566 531 2632 molles
548 2572 579 2631 et
603 2565 665 2631 sibi
684 2565 819 2648 quisque
835 2565 935 2631 sinus.
961 2566 998 2648 (Ι,
1022 2568 1051 2647 2,
1076 2565 1126 2645 83,
1139 2562 1279 2644 86-96)

210 2745 248 2803 In
271 2742 378 2804 eodem
401 2743 437 2804 de
459 2742 535 2805 locis
558 2742 672 2824 quietis
695 2741 729 2803 in
752 2741 884 2805 inferna

172 2877 233 2941 Hic
256 2876 393 2943 choreae
417 2885 595 2960 cantusque
618 2879 739 2964 vigent,
762 2878 950 2962 passimque
973 2883 1133 2959 vagantes

213 2980 316 3046 Dulce
341 2989 459 3047 sonant
482 2984 571 3048 tenui
595 2990 724 3066 gutture
748 3003 877 3048 carmen
901 3001 989 3062 aves,
1282 2979 1324 3044 60

175 3087 253 3150 Fert
276 3085 398 3150 casiam
422 3107 487 3151 non
512 3087 599 3152 culta
622 3108 727 3171 seges,
750 3093 902 3170 totosque
924 3107 981 3171 per
1004 3105 1102 3168 agros

220 3190 332 3256 Floret
355 3189 501 3257 odoratis
526 3198 613 3258 terra
636 3191 779 3276 benigna
801 3192 894 3258 rosis.
919 3193 959 3276 (Ι,
982 3193 1011 3275 3,
1035 3190 1178 3268 59-62)

176 3363 220 3428 At
243 3366 402 3430 scelerata
427 3365 512 3429 iacet
535 3366 630 3431 sedes
652 3367 710 3431 sao
734 3372 828 3432 nocte
850 3365 1013 3450 profunda

217 3468 351 3553 Abdita,
370 3489 473 3557 'qnam
497 3469 580 3534 circo
602 3468 734 3535 flumina
757 3470 852 3553 nigra
875 3476 1016 3536 sonant:'

174 3572 421 3656 Tesiphoneque
442 3573 562 3656 inpexa
584 3572 670 3639 feros
693 3594 751 3658 pro
775 3574 916 3639 crinibus
940 3593 1065 3657 angues

215 3677 339 3757 Saevit,
363 3682 395 3740 et
418 3676 480 3741 huc
502 3676 578 3741 illuc
600 3675 702 3761 impia
724 3678 820 3743 turba
841 3677 937 3742 lacet:
1282 3677 1324 3743 70

177 3780 269 3845 Tunc
292 3779 384 3863 niger
406 3780 439 3844 in
461 3787 557 3864 porta
581 3786 767 3866 serpentum
789 3779 949 3847 Cerberus
972 3801 1027 3847 ore

216 3884 343 3950 Stridet
365 3889 398 3949 ct
419 3891 550 3951 aeratas
573 3886 713 3952 excubat
735 3890 812 3951 ante
834 3885 930 3955 sores.
953 3886 992 3972 (Ι,
1015 3885 1045 3970 3,
1068 3885 1209 3966 67-72)

192 4161 225 4232 ³⁴)
243 4176 322 4218 exce.
341 4160 421 4218 Vino.
440 4163 552 4232 ,cavant
