2948 4500
701 156 743 219 22

624 246 828 255 ...-----

394 367 533 430 Tibullus
557 368 593 429 de
616 367 774 430 felicitate
797 365 946 446 pauperis
968 364 1063 427 uitae.

137 501 218 569 *Me
241 524 313 569 mea
336 511 514 589 paupertas
539 506 603 569 olto
626 504 776 569 traducat
799 502 894 568 inerti

181 608 294 673 >²‘Dum
317 628 406 674 meus
431 611 541 692 eulpae
566 609 673 674 luceat
695 607 772 689 igne
795 605 928 672 focus*

166 713 240 795 lpse
261 713 362 794 feram
385 719 516 777 teneras
540 721 666 776 maturo
690 720 834 794 tempore
857 711 941 775 vites

209 815 360 881 Rusticus
383 823 415 881 ct
437 816 527 881 facili
551 815 693 898 grandia
716 836 813 899 poma
836 835 951 879 manu:

166 921 234 986 Nec
256 938 331 1004 spes
356 921 522 999 destituat,
547 919 606 984 sed
630 918 758 1000 frugum
782 939 910 1002 semper
933 938 1071 983 acervos

210 1024 372 1090 Praebeat
394 1031 426 1089 et
449 1025 545 1108 pleno
569 1022 692 1106 pingua
716 1029 823 1087 musta
847 1023 930 1089 laeu.
955 1022 994 1105 (Ι,
1011 1025 1036 1104 l,
1052 1021 1221 1104 5-10)³2)
1286 1024 1325 1085 10

170 1231 288 1312 Quippe
310 1251 365 1313 epo
391 1232 454 1296 iam
475 1252 607 1315 possum
634 1237 803 1297 contentus
827 1231 937 1296 vivere
961 1231 1094 1313 parvo*
1282 1227 1325 1291 25

212 1335 280 1402 Nec
302 1346 431 1418 semper
453 1337 572 1418 longae
596 1336 726 1401 deditus
750 1355 822 1400 esse
846 1335 932 1419 viae,

172 1438 236 1504 sec
261 1439 359 1504 Oanis
384 1440 528 1506 aestivos
553 1446 642 1504 ortus
668 1440 772 1503 vitare
797 1440 857 1504 sub
880 1438 994 1505 umbra

214 1544 347 1610 Arboris
371 1544 413 1609 ad
437 1544 524 1610 rivos
548 1543 784 1628 praetereuntis
808 1563 924 1626 aquae.

170 1649 239 1714 Nec
261 1655 370 1713 tamen
393 1648 555 1714 interdum
578 1649 702 1732 pudeat
724 1648 868 1713 tenuisse
893 1647 1044 1712 bidentem

215 1753 279 1817 Aut
303 1753 433 1818 stimulo
457 1751 569 1818 tardos
592 1752 792 1836 increpuisse
817 1752 927 1834 boves,

170 1856 243 1921 Non
267 1877 429 1940 agnamve
453 1856 526 1921 sinu
548 1856 661 1941 pigeat
683 1856 825 1920 fetumve
849 1856 994 1937 capellae

213 1960 385 2026 Desertum
410 1960 511 2026 oblita
535 1966 638 2026 matre
662 1960 781 2025 referre
806 1959 945 2023 domum.

143 2063 215 2128 *At
229 2062 267 2145 33)
292 2086 351 2131 vos
375 2065 493 2147 exiguo
517 2064 637 2148 pecori,
660 2064 810 2146 furesque
834 2063 967 2147 lupique

186 2169 203 2207 *
216 2169 362 2235 Parcite:
381 2168 422 2234 de
434 2187 554 2251 magno
568 2174 617 2234 est
629 2167 755 2251 praeda
766 2168 911 2251 petenda
923 2187 1035 2251 grege.
1053 2170 1091 2251 (l,
1102 2170 1129 2249 1,
1140 2167 1281 2248 95-34)

176 2375 237 2441 Vos
259 2397 378 2459 qaoque
402 2378 505 2442 adeste
528 2377 577 2442 dei
601 2396 660 2442 nee
684 2395 743 2442 vos
767 2396 785 2442 e
808 2396 952 2460 paupere
975 2377 1118 2444 mensa*

212 2480 309 2544 Dona
331 2501 392 2545 nec
416 2503 433 2546 e
456 2480 547 2564 puris
572 2480 716 2565 spernite
740 2480 903 2546 fictilibus.

170 2584 302 2648 Fictilia
325 2585 482 2668 antiquus
505 2584 642 2668 primum
667 2585 729 2650 sibi
751 2584 829 2649 feeit
851 2585 992 2667 agrestis

213 2689 346 2771 Pocula,
371 2689 411 2754 de
435 2689 525 2753 facili
548 2688 794 2773 composuitque
816 2689 893 2755 luto.

172 2791 245 2856 Non
270 2813 330 2875 ego
355 2792 488 2858 divitias
510 2799 639 2876 patrum
662 2793 822 2858 fructusve
844 2792 981 2878 requiro,

210 2896 300 2974 Quos
324 2897 397 2963 tulit
420 2896 552 2978 antiquo
577 2896 710 2961 condita
733 2897 847 2962 messis
871 2918 952 2963 avo:

170 2999 280 3065 Parra
304 3002 385 3066 satis
410 3008 458 3066 est
480 3022 542 3067 cao
565 3000 769 3083 requiescere
791 3002 874 3067 lecto

214 3105 338 3170 Scilicet
361 3112 392 3170 et
415 3106 511 3172 solito
536 3105 679 3170 membra
702 3105 812 3170 levare
835 3105 944 3171 toro*

172 3210 276 3288 Quam
301 3210 392 3275 iuvat
415 3211 556 3275 immites
580 3217 693 3275 ventos
718 3210 831 3275 audire
856 3212 1030 3277 cubantem
1285 3207 1328 3273 45

215 3315 256 3380 nt
279 3314 444 3379 dominam
468 3321 580 3380 tenero
605 3314 787 3380 detinuisse
811 3315 883 3381 sinu

174 3419 219 3484 Et
240 3419 371 3501 gelidas
394 3418 548 3484 hibernus
573 3438 677 3500 aquas
701 3437 772 3482 cnm
795 3418 916 3484 fuderit
939 3421 1067 3503 Auster,

217 3523 370 3589 Securum
394 3542 546 3604 sompnos
569 3523 665 3587 imbre
688 3523 820 3588 iuvante
844 3522 975 3607 sequi*

173 3627 243 3692 Hoc
267 3626 345 3691 mihi
369 3628 556 3710 contingat:
580 3629 623 3692 sit
647 3627 740 3692 dives
762 3648 836 3692 rure
857 3627 1027 3695 furorem*

204 3729 264 3807 Qui
287 3730 387 3796 maris
410 3737 443 3795 et
467 3731 548 3796 coeli
572 3731 685 3797 nubila
708 3730 794 3795 serre
816 3732 965 3815 potest*
989 3730 1231 3817 (1,1‚37-50)
1285 3732 1330 3797 50

194 4042 230 4107 ⁸²)
249 4056 331 4097 erec.
349 4039 430 4096 Vino.
449 4047 480 4097 et
497 4043 566 4097 scal.
584 4041 729 4099 habebant
746 4043 832 4098 etiam
850 4043 872 4113 1,
892 4044 915 4111 1,
934 4041 1010 4097 1-4.

192 4129 225 4192 ’9
241 4143 318 4182 eree.
344 4127 423 4183 Vine.
440 4131 497 4198 ,ett
