2948 4500
634 202 838 306 *tq-

141 434 197 484 ere
225 435 290 481 non
321 422 371 482 est
403 414 544 482 difficile.
598 437 673 481 nam
710 416 797 500 quod
826 414 1056 482 Lachmannus
1085 414 1328 501 typothetarum
1419 484 1423 495 ,

143 520 261 586 mendo
284 520 479 604 scripturam
502 521 624 605 ,veniat
656 522 780 605 gravis‘
802 521 835 586 in
867 521 1042 588 editionem
1064 520 1329 586 Patissonianam

143 625 321 710 inrepsisse
338 626 489 709 opinatus
506 632 566 709 est,
590 625 703 692 eadem
724 627 886 710 scriptura
902 626 934 691 in
958 631 1048 691 textu
1073 626 1250 706 eademque
1266 624 1330 688 elo·
1440 642 1452 717 ¹j

146 730 232 796 cutio
245 729 279 794 in
295 729 563 796 adnotationibus
579 730 735 801 editionis
751 731 885 796 alterius
902 730 1135 813 Scaligeranae
1152 732 1204 811 (ex
1217 727 1330 793 biblio·

143 834 231 917 polio
255 833 509 900 Commeliniano
533 856 561 900 a.
587 834 684 919 1600)
709 835 882 919 reperitur,
913 854 1007 917 quem
1038 834 1156 899 librum
1188 839 1329 916 ,auctum
1409 816 1449 841 ⁴‘

143 943 176 1002 et
198 938 402 1020 recognitum
424 938 555 1023 abipso
579 940 722 1005 auctore‘
738 940 850 1005 titulus
866 939 1035 1022 profitetur
1045 938 1093 1018 ⁷⁷).
1138 938 1329 1002 Muellerum

146 1046 255 1106 autern
272 1041 357 1123 quod
376 1041 537 1126 Scaligeri
553 1044 634 1108 illud
649 1043 693 1127 ,in
710 1044 796 1108 omni
808 1049 919 1109 vetere
935 1043 1108 1126 scriptura‘
1128 1042 1268 1107 minume
1284 1041 1327 1107 ad
1389 1086 1394 1098 -

143 1146 315 1211 obrussam
332 1165 404 1212 esse
420 1146 616 1229 exigendum
632 1150 688 1231 ait,
716 1168 756 1212 ex
772 1147 854 1231 ipsis
873 1147 1154 1230 Castigationibds
1170 1145 1328 1211 refutabis

147 1249 175 1314 si
192 1249 309 1315 librum
326 1250 415 1314 illum
432 1251 643 1334 pervolveris.
679 1251 796 1317 etenim
813 1251 961 1334 Scaliger
975 1258 1148 1335 postquam
1164 1250 1257 1316 initio
1270 1249 1330 1316 (ia-

145 1353 358 1436 stigationum
374 1361 505 1437 praeter
520 1355 675 1420 Italorum
693 1356 840 1437 codices,
851 1355 906 1437 qui
922 1375 1032 1422 omnes
1048 1355 1260 1422 recentiorem
1281 1373 1329 1418 re·
1414 1433 1417 1437 ι

146 1457 253 1522 lerant
269 1457 436 1543 originem,
460 1479 557 1541 quam
573 1466 608 1524 ut
629 1460 712 1525 inter·
733 1465 880 1524 vetustos
896 1460 996 1525 lih'ros
1012 1461 1174 1526 recenseri
1190 1460 1328 1544 possint,

148 1561 211 1626 tria
223 1561 286 1626 sibi
299 1563 499 1646 exemplaria
515 1564 548 1628 in
564 1563 713 1629 manibus
726 1563 828 1630 tuisse
843 1565 1002 1648 exposuit,
1020 1564 1165 1630 codicem
1181 1563 1329 1629 Ouiacia·
1361 1546 1365 1555 ’

148 1685 223 1730 num
240 1665 410 1750 integrum,
434 1667 488 1748 qui
504 1673 720 1733 correctorum
735 1668 915 1732 temeritate
931 1669 1049 1751 etipse
1066 1669 1202 1734 vitiatus
1218 1674 1329 1734 tamen

145 1770 308 1852 quaedam
331 1770 504 1838 vetustatis
531 1772 699 1837 retinuerit
717 1770 871 1855 vestigia,
896 1770 1014 1837 deinde
1039 1778 1195 1856 excerpta
1217 1791 1330 1856 perve·

144 1879 250 1956 tusta,
276 1874 414 1957 denique
437 1874 653 1958 fragmentum
680 1874 891 1940 Cuiacianum
920 1876 1146 1960 ,peroptimum
1178 1883 1209 1942 et
1232 1895 1329 1957 quam

145 1978 464 2063 emendatissimum,
487 1979 585 2045 etiam
608 1979 642 2043 in
664 1979 790 2060 reliqua
807 1980 914 2062 operis
934 1985 1028 2062 parte
1051 1980 1084 2044 in
1101 1979 1327 2046 discernendis

145 2083 284 2147 vetustis
306 2082 399 2148 libris
423 2090 454 2148 et
476 2083 709 2149 recentioribus
733 2089 826 2148 tanta
849 2083 948 2148 utitur
971 2083 1153 2166 diligentia,
1185 2091 1220 2150 ut
1241 2085 1329 2150 nullo
1432 2166 1437 2177 1

147 2186 218 2251 loco
250 2185 394 2253 incuriae
425 2188 642 2271 suspicionem
673 2193 811 2253 moveat.
856 2189 950 2252 varia
980 2175 1110 2280 quidem
1145 2208 1217 2253 eum
1240 2207 1331 2253 usur·

145 2310 244 2373 passe
267 2291 399 2356 nomina
422 2291 466 2355 ad
490 2291 638 2356 subsidia
665 2311 725 2356 sua
749 2291 863 2356 critica
893 2290 1111 2374 significanda
1142 2313 1207 2379 non
1235 2310 1329 2374 nego,

147 2395 206 2459 sed
233 2394 341 2460 omnia
357 2394 527 2478 eiusmodi,
550 2401 585 2459 ιιι
601 2395 789 2478 diligentius
812 2395 1009 2479 perquirenti
1026 2392 1187 2461 dubitatio
1211 2395 1331 2461 existat

144 2519 305 2580 nusquam
329 2505 467 2582 excepto
491 2499 631 2565 fortasse
654 2519 716 2564 uno
740 2500 811 2565 loco
836 2500 894 2583 (ad
918 2501 971 2584 IV,
998 2501 1025 2584 l,
1051 2499 1110 2565 157
1134 2501 1178 2583 ,in
1202 2499 1330 2567 duobus
1423 2512 1428 2531 ¹

150 2676 354 2683 ——-.-—-—

253 2795 424 2864 wenigstens
446 2795 497 2849 mit
521 2794 642 2864 einigem
666 2796 773 2862 grunde
798 2796 825 2849 in
850 2796 911 2848 v.2
935 2794 986 2849 das
1005 2793 1137 2862 neugniso
1161 2795 1212 2849 der
1231 2793 1329 2850 beaten

255 2880 296 2935 hs.
315 2882 357 2935 als
380 2882 425 2936 die
445 2882 529 2936 allein
548 2881 657 2950 gultige
676 2882 814 2937 tradition
827 2882 965 2950 vorlegcn
983 2882 1100 2945 konnta
1120 2880 1247 2936 ohschon
1266 2884 1328 2935 man'

252 2967 424 3036 heutzutage
456 2969 506 3022 mit
533 2967 612 3023 recht
644 2967 773 3023 ahnliohc
806 2966 1022 3037 flliohtigkeiten
1055 2973 1199 3036 verpbnen
1225 2969 1330 3023 whrde.
1425 3000 1428 3005 -

247 3055 321 3110 doch
345 3054 423 3110 halte
450 3055 495 3110 ich
521 3071 551 3110 es
581 3054 627 3109 fiir
651 3055 805 3124 probabler
828 3055 988 3110 Lachmann
1013 3054 1238 3124 beizustimmcn,
1263 3055 1331 3109 dasn

250 3141 377 3211 Scaliger
395 3141 455 3197 sich
475 3142 675 3198 verschriehen
699 3141 765 3211 hat,
789 3159 848 3197 was
866 3159 911 3198 um
935 3159 967 3198 so
990 3141 1110 3197 leichter
1134 3143 1185 3197 der
1202 3142 1251 3196 fall
1270 3142 1330 3196 sein

255 3230 371 3296 konnte‚
390 3229 539 3284 deveniat
558 3228 653 3298 gravis
672 3230 762 3284 sowol
780 3244 880 3298 wegen
898 3229 949 3284 des
962 3227 1213 3296 vorhergehenden
1233 3227 1330 3293 libeat,

240 3315 329 3386 uelit,
352 3317 394 3369 als
413 3331 511 3384 wegen
539 3317 590 3371 des
610 3315 864 3385 abgeschmackten
884 3316 999 3384 grandis
1023 3316 1073 3370 der
1092 3316 1212 3384 vulgata
1230 3313 1331 3369 durch·

249 3417 299 3457 aus
328 3403 493 3471 notwendig
521 3404 573 3473 ist,
600 3405 670 3459 auch
698 3403 777 3459 nieht
811 3403 910 3459 einmal
937 3404 988 3458 das
1022 3401 1159 3457 kritische
1178 3400 1330 3470 ¹ingenium

253 3490 330 3544 eines
348 3489 477 3558 Scaliger
495 3490 566 3545 dazu
585 3489 687 3559 gehdrt
706 3507 750 3545 um
769 3491 830 3546 dies
849 3507 882 3545 zu
900 3488 1002 3555 finden,
1027 3490 1150 3544 sondcrn
1168 3503 1232 3541 man
1253 3487 1330 3542 dieue

250 3576 408 3645 besscrung
426 3576 515 3632 sehon
534 3577 622 3631 einem
646 3577 784 3646 variator,
808 3576 959 3647 bezdglich
985 3576 1174 3645 interpolator
1197 3575 1247 3630 des
1269 3575 1330 3628 mit·

174 3722 177 3734 ,
248 3663 375 3718 telalters
394 3669 530 3720 zutrauen
549 3664 635 3718 darf.“

351 3751 471 3818 [interim
489 3756 639 3819 postquam
662 3752 710 3807 diu
735 3751 791 3806 hoc
816 3751 915 3820 scripsi
940 3752 968 3805 in
987 3767 1083 3807 manus
1108 3751 1237 3820 pervenit
1254 3766 1331 3806 meas

249 3837 280 3892 C.
300 3838 335 3892 M.
354 3836 512 3892 Franckeni
537 3839 736 3892 commentatio
762 3837 808 3906 (ct.
833 3839 1010 3894 Fleckeiseni
1033 3839 1148 3893 annales
1171 3838 1239 3893 1869
1262 3842 1330 3892 torn·

248 3923 282 3977 99
301 3939 369 3992 pag.
389 3923 537 3989 aot-208)
556 3938 612 3991 qua
636 3938 671 3978 ex
690 3923 778 3991 ipsius
797 3923 934 3992 Scaligcri
960 3925 1116 3993 exemplari
1139 3930 1284 3979 asservato
1303 3925 1332 3980 in

251 4009 426 4066 bibliotheca
458 4009 650 4065 universitatis
681 4010 837 4080 Leydensis
869 4011 1006 4079 probatur
1040 4014 1117 4066 certe
1153 4011 1330 4066 Cuiacianum

251 4103 375 4152 veterem
400 4112 429 4151 re
447 4112 514 4151 vcra
532 4096 696 4165 praebuisse
716 4096 821 4163 ,veniat
841 4098 943 4166 grauis‘
963 4097 1166 4165 11Λριῖιῂ

210 4183 239 4251 ¹²)
257 4182 293 4240 ol.
312 4183 396 4239 etiam
416 4182 444 4238 J.
465 4183 606 4258 Bernaysi
625 4184 689 4242 los.
708 4183 813 4241 duatus
827 4183 964 4251 Scaliger
988 4178 1108 4248 uicerim
1117 4174 1212 4228 Χῖιὲιι
1223 4161 1391 4229 saa-*tlh*
