2948 4500
715 134 754 200 19

631 223 836 236 *ιι-ιι*

143 338 311 407 codicibus
340 339 529 408 Florentino
564 347 596 407 et
627 342 775 408 Parisino
804 358 856 410 no.¹
878 342 963 406 4450
987 361 1074 407 saec.
1097 338 1146 405 XI
1177 340 1324 406 exeuntis

141 445 193 509 vel
216 445 401 528 incipientis
417 445 710 529 Xll,pusulatum‘.
740 446 856 511 Festus
869 444 1102 528 grammaticus
1126 450 1182 508 aut
1215 443 1323 526 potius
1409 496 1414 541 ,
1462 522 1465 527 .

143 554 311 631 excerptor
342 547 411 613 eius
442 549 564 613 Paulus
593 549 625 613 in
649 567 729 615 voce
760 548 870 632 ,betta‘
900 548 1077 614 secundum
1107 545 1324 612 Lindemanni

142 649 271 735 codices
301 653 459 733 ,pusulae‘
487 650 588 720 dedit.
645 652 866 718 Tertullianus
882 650 920 734 28)
957 652 998 716 de
1028 651 1115 715 cultu
1143 649 1216 717 fem.
1240 650 1273 731 1,
1304 650 1323 714 6
1446 670 1450 681 ’

141 752 306 836 ,pustulat‘
334 755 467 819 verbum
490 755 619 821 videtur
639 756 799 840 posuisse,
822 754 908 837 quod
931 753 1136 820 librariorum
1159 773 1268 818 errore
1290 752 1323 816 in

143 857 306 939 ,postulat‘
329 858 418 923 abiit.
442 857 482 923 de
505 857 617 924 (laelio
634 860 811 924 Aureliano
834 861 940 940 (Acut.
964 858 1024 940 Ill,
1051 859 1089 922 16
1112 863 1145 922 et
1168 856 1268 921 Tard.
1287 856 1323 940 V,
1444 852 1447 857 ’

148 967 158 1023 l
173 1010 181 1042 ,
212 959 317 1041 med.)
348 961 425 1025 mibi
461 962 541 1026 nibil
573 969 709 1030 constat.
767 961 1051 1045 grammaticorum
1081 966 1114 1024 et
1141 962 1324 1042 glossarum

142 1084 254 1128 earum
284 1084 366 1146 quas
401 1068 570 1130 consulere
603 1066 694 1149 potui
725 1088 746 1131 a
768 1068 933 1150 Labbaeo,
963 1065 1061 1149 Maio,
1085 1058 1323 1153 Hildebrandio
1447 1076 1452 1091 “

143 1167 302 1232 editarum
331 1168 525 1234 testimoniis
556 1168 701 1236 destituti
733 1190 859 1252 sumus,
895 1171 924 1235 si
953 1168 1085 1252 quidem
1115 1187 1177 1250 ego
1209 1168 1242 1232 in
1273 1169 1323 1232 his

144 1271 201 1336 boc
228 1271 422 1336 vocabulum
446 1293 511 1337 non
534 1274 672 1358 repperi.
716 1275 749 1338 in
777 1275 947 1356 Cangiano
980 1271 1109 1337 mediae
1140 1276 1172 1336 et
1194 1271 1323 1335 infimae

141 1374 314 1439 latinitatis
348 1374 510 1456 glossario
535 1395 576 1442 ex
599 1378 782 1443 Alexandri
804 1377 1061 1459 Iatrosopbistae
1083 1374 1227 1458 passion.
1268 1374 1322 1439 lib.

143 1477 169 1541 Ι.
192 1478 234 1541 99
258 1478 475 1562 ‚pustellosas‘
505 1482 536 1546 et
559 1501 599 1546 ex
622 1481 725 1547 Mario
748 1482 966 1547 Aventicense
988 1479 1140 1562 ‚pu'stula‘
1168 1477 1323 1559 adfertur,

144 1580 322 1663 Gregorius
339 1590 446 1648 autem
461 1583 661 1650 Turonensis
684 1585 717 1649 in
734 1585 879 1670 ,historia
894 1584 1104 1648 Francorum‘
1121 1588 1175 1647 ter,
1186 1582 1237 1665 (V,
1262 1582 1322 1645 10:

142 1684 196 1768 VI,
213 1687 253 1750 8:
279 1687 334 1769 VI,
352 1686 406 1768 14)
430 1693 462 1752 et
479 1691 576 1753 semel
594 1688 626 1752 in
642 1687 716 1752 libri
739 1689 791 1770 ,de
807 1688 913 1770 gloria
930 1685 1168 1751 Confessorum‘
1192 1704 1263 1768 cap.
1282 1684 1325 1747 24

140 1789 312 1872 ,pusulam‘
337 1790 482 1874 scripsit,
515 1792 598 1855 hane
622 1790 706 1856 enim
730 1790 865 1856 formam
889 1789 1029 1875 plurumi
1053 1787 1182 1853 codices
1204 1787 1324 1867 babere

143 1892 301 1975 dicuntur,
330 1895 466 1958 alteram
490 1894 659 1960 editiones.
705 1894 763 1960 sed
787 1894 874 1977 quod
898 1893 1029 1959 additur
1056 1891 1144 1975 apud
1167 1891 1323 1974 Mignium

142 1998 175 2080 (l.
199 2016 225 2062 c.
248 2017 278 2080 p.
302 1996 379 2079 325)
403 1998 573 2081 ,pustulas‘
601 2006 729 2084 proprie
760 2019 833 2065 esse
860 2005 1001 2064 tumores
1025 2017 1082 2063 seu
1105 1995 1267 2062 vesiculas
1290 1996 1323 2061 in
1447 1996 1450 2001 ⁴

142 2107 223 2183 cute,
248 2102 401 2184 ‚pusulas‘
430 2121 507 2167 vero
531 2102 634 2168 morbi
651 2123 753 2186 genus
776 2103 874 2185 volgo
891 2121 1029 2184 ‚sacrum
1051 2100 1169 2184 ignem‘
1193 2100 1323 2185 dictum,
1401 2154 1423 2193 ·.

143 2211 174 2268 et
190 2205 338 2287 argutius
354 2204 460 2269 fictum
478 2212 602 2271 estnec
618 2207 776 2291 exemplis
792 2226 892 2290 supra
914 2205 1052 2289 prolatis
1077 2205 1324 2289 comprobatum

144 2327 203 2372 nec
228 2309 271 2373 ab
300 2309 374 2393 ipso
404 2307 530 2375 editore
560 2316 747 2375 constanter
773 2310 990 2375 observatum.
1036 2308 1132 2372 immo
1156 2315 1323 2390 utramque

144 2412 337 2496 scripturam
354 2413 424 2477 sine
442 2414 506 2478 ullo
531 2412 778 2496 significationis
802 2413 989 2479 discrimine
1005 2412 1081 2477 inde
1098 2413 1140 2477 ab
1157 2414 1325 2496 Augustea

144 2523 252 2581 aetate
284 2536 385 2599 usque
415 2517 458 2581 ad
488 2524 634 2582 extrema
663 2519 762 2583 medii
791 2519 865 2584 aevi
894 2525 1043 2601 tempora
1071 2519 1104 2580 in
1134 2537 1194 2582 usu
1224 2517 1325 2583 fuisse

144 2627 247 2704 patet,
269 2622 372 2703 primo
390 2627 496 2686 autem
513 2627 589 2706 post
604 2620 765 2687 Christum
782 2622 911 2688 saeculo
935 2640 1084 2686 maxume
1101 2620 1185 2685 hanc
1201 2622 1324 2687 mollio·
1449 2584 1464 2691 „⁶

144 2744 211 2788 rem
236 2744 319 2806 quae
343 2725 376 2806 ,t‘
400 2734 598 2791 consonante
622 2741 719 2792 caret.
766 2725 905 2808 donique
928 2745 968 2791 ne
990 2725 1134 2805 recentia
1157 2726 1325 2792 desideres

144 2829 295 2911 exempla
336 2829 456 2911 ,Macer
491 2829 530 2894 de
568 2829 690 2895 herbis‘
723 2851 751 2894 a.
783 2831 882 2915 1394,
920 2830 1166 2913 ,vocabularius
1207 2833 1324 2895 rerum‘

145 2955 174 2996 a.
200 2933 292 3016 1420,
315 2932 529 3016 ,Glossarium
552 2934 823 3000 saxico-latinum‘
847 2955 876 3000 a.
901 2933 992 3015 1425,
1016 2933 1162 3016 ,Gemma
1178 2933 1325 2998 Gemma·

145 3036 223 3101 rum‘
257 3057 287 3101 a.
326 3037 492 3104 1512-18
531 3040 667 3105 formam
704 3040 754 3122 ,st‘
788 3041 906 3105 litteris
944 3040 1161 3123 perscriptam
1194 3038 1325 3122 habent,

145 3141 185 3205 H.
208 3141 297 3206 Junii
315 3142 564 3226 ,Nomeneiator‘
581 3145 749 3230 (Antverp.
777 3144 872 3227 1538)
893 3151 925 3209 et
940 3143 1084 3209 Kirsebii
1100 3143 1325 3228 ,Cornucopia‘
1404 3214 1405 3220 ἵ

148 3244 305 3326 (Norimb.
331 3247 428 3328 1713)
451 3247 647 3331 ,pusula‘.²⁹)

249 3349 387 3433 Optume
403 3371 492 3432 vero,
516 3360 550 3417 ut
572 3352 617 3418 ad
633 3353 796 3418 Tibullum
813 3353 945 3418 tandem
968 3352 1151 3435 redeamus,
1174 3352 1325 3417 convenit

144 3453 365 3536 Frisingensis
400 3457 523 3522 codicis
561 3458 722 3541 scriptura
757 3458 912 3542 ,pussula‘
948 3478 1020 3521 eum
1056 3457 1087 3521 ei
1124 3456 1227 3521 aetati
1262 3475 1327 3537 qua
1428 3486 1431 3490 ·

144 3559 282 3641 ,pusula‘
305 3558 504 3641 frequentari
535 3568 688 3645 coeperat
710 3582 790 3647 prae
812 3561 965 3645 ‚pustula‘
990 3569 1056 3627 tum
1079 3560 1187 3626 versui
1211 3568 1326 3644 poetae

144 3788 349 3799 n————

144 3903 149 3914 ’
204 3925 236 3994 ²⁸)
254 3924 419 3980 Tertulliani
439 3939 526 3994 opera
545 3927 637 3981 omnia
655 3941 711 3981 rec.
729 3925 827 3981 Franc.
846 3925 953 3994 Oehler,
973 3924 1088 3995 Lipsiae
1108 3925 1185 3982 1854.

199 4013 231 4080 ²⁹)
251 4011 286 4067 cf.
306 4012 480 4070 Glossarium
502 4014 610 4086 latino·
621 4014 810 4082 germanicum
834 4013 942 4068 mediae
966 4019 997 4068 et
1015 4012 1125 4069 infimae
1144 4011 1255 4080 aetatis,
1282 4009 1326 4066 ed.

248 4101 281 4156 L.
300 4099 475 4157 Diesenbach
494 4100 686 4169 (Francofurti
704 4117 729 4156 a.
748 4101 785 4156 Μ.
805 4100 883 4168 1857)
903 4116 969 4169 pag.
986 4099 1046 4154 474.

1201 4194 1241 4242 (ΣΚ-
