2948 4500
693 135 736 202 48

614 226 818 235 .-..-----

125 366 179 410 ars
211 346 238 411 si
268 345 373 411 minus
402 345 500 429 plane
529 345 756 411 reformidavit
787 365 859 412 eam
881 341 1085 428 ‘pentametri
1115 350 1310 409 structuram

5 450 48 537 ἵζ’·
124 455 159 514 at
189 455 275 514 certe
298 449 464 514 rarissime
493 452 546 534 (ex
569 452 673 515 Ponto
697 451 722 531 1,
748 455 775 533 1,
799 451 858 515 66:
883 449 942 531 ΙΙΙ,
965 448 994 529 5,
1023 448 1081 512 40:
1112 448 1173 531 111,
1197 448 1226 530 6,
1250 447 1308 512 46:

5 536 64 619 1¹
96 555 98 559 ’
124 553 178 635 IV,
202 553 232 637 9,
254 554 310 616 26ε
334 553 466 618 Heroid.
490 555 578 635 XIV,
602 552 659 637 62)
685 553 843 618 adhibuit.
890 551 1054 618 Ouidiana
1078 571 1155 616 vero
1180 550 1213 614 in
1235 569 1307 615 ver·

5 656 40 735 .;’
128 657 217 722 sibus
241 657 425 742 pangendis
449 656 571 740 placita
587 658 741 739 quoniam
765 678 829 722 non
846 655 951 722 solum
973 655 1174 738 posteriores
1190 661 1307 738 poetas

125 761 183 826 sed
208 760 304 825 etiam
329 759 427 826 medii
451 760 525 826 aevi
548 761 781 843 grammaticos
806 760 888 825 satis
913 758 1087 847 diligenter
1110 759 1309 824 observasse

125 864 316 930 confirmant
339 865 401 929 viri
425 864 458 928 in
481 864 543 929 bac
567 865 747 930 studiorum
770 870 864 949 parte
888 865 1022 928 multum
1045 863 1214 944 versatiffl)
1245 863 1310 928 lac-

126 974 194 1033 tum
219 988 290 1034 esse
315 989 378 1034 non
402 969 593 1035 mirabimur
623 975 658 1033 ut
689 969 787 1034 etiarn
821 975 991 1051 excerptor
1013 967 1136 1034 Tibulli
1162 987 1224 1049 quo
1248 965 1310 1031 ele-

125 1072 258 1154 gantius
288 1072 425 1138 fluerent
456 1073 596 1156 numeri,
631 1072 779 1138 versibus
816 1072 848 1137 in
879 1072 1080 1137 vocabulum
1104 1071 1309 1155 trisyllabum

126 1176 320 1242 exeuntibus
345 1177 430 1244 alios
453 1177 651 1244 Ouidianam
681 1198 761 1260 prae
785 1195 821 1242 se
844 1177 985 1241 serentes
1009 1181 1112 1240 artem
1135 1174 1307 1240 substitue-

126 1286 184 1345 ret.
238 1281 284 1345 ita
314 1281 435 1362 legitur
464 1281 497 1345 in
529 1281 691 1365 excerptis
722 1283 751 1362 Ι,
784 1282 816 1364 1,
846 1280 889 1344 50
926 1280 991 1363 ‚qui
1027 1278 1124 1344 maris
1164 1285 1195 1344 et
1226 1277 1309 1344 coeli

124 1383 237 1449 nubila
260 1383 344 1449 ferre
366 1387 484 1467 potest‘
506 1405 564 1468 pro
589 1384 652 1468 ,qui
676 1385 774 1449 maris
806 1391 837 1449 et
861 1383 972 1448 tristes
1004 1382 1086 1447 ferre
1107 1389 1216 1465 potest
1237 1381 1308 1466 plu·

82 1557 83 1560 ,
126 1489 217 1572 vias‘,
242 1489 266 1570 Ι,
289 1488 319 1570 5,
344 1489 384 1551 62
400 1488 531 1572 ,primus
556 1495 588 1554 et
612 1489 742 1553 induro
766 1488 877 1552 limine
900 1487 982 1551 fixus
1006 1485 1076 1551 erit‘
1097 1507 1157 1570 pro
1174 1487 1307 1570 ,primus

125 1598 158 1657 et
181 1592 214 1656 in
239 1599 349 1657 tenero
373 1592 456 1657 fixus
480 1592 541 1657 erit
563 1593 684 1675 latere,
714 1593 756 1674 ΙΙ,
784 1597 809 1674 l,
833 1594 852 1657 8
876 1591 985 1675 ,plena
1008 1597 1165 1656 coronato
1188 1591 1309 1656 vertice

126 1703 214 1761 stare
238 1696 351 1760 boves‘
374 1715 433 1778 pro
457 1696 567 1778 ,plena
590 1702 746 1761 coronato
770 1695 972 1760 stareboves
997 1695 1124 1778 capite,
1149 1693 1309 1778 11,13,40

5 1856 7 1861 .
126 1819 206 1880 ‚cum
224 1799 338 1863 tribuit
362 1798 482 1864 dubiae
505 1799 624 1865 bellica
646 1805 752 1865 rostra
775 1798 848 1864 rati‘
870 1818 929 1882 pro
956 1798 1086 1880 ,bellica
1109 1818 1179 1862 curn
1201 1789 1321 1863 dubiis

7 1908 23 1973 “,
126 1909 233 1968 rostra
257 1901 349 1966 dedit
371 1902 519 1985 ratibus‘
545 1904 587 1986 ΙΙ,
612 1905 640 1984 6,
664 1904 707 1969 20
730 1922 816 1987 ‚spes
841 1902 929 1968 fovet
952 1908 984 1966 et
1006 1902 1121 1968 melius
1145 1921 1218 1967 oras
1240 1902 1308 1967 fore

29 2040 33 2045 ·
128 2025 257 2088 semper
282 2006 339 2072 ait‘
361 2027 420 2088 pro
444 2026 529 2090 ‚spes
552 2007 639 2072 fovet
662 2013 694 2072 et
717 2006 784 2071 fore
808 2025 880 2072 cras
905 2025 1031 2088 semper
1055 2006 1101 2070 ait
1124 2005 1258 2073 melius‘

229 2110 385 2177 Omnibus
401 2110 501 2193 igitur
527 2109 576 2175 his
599 2110 679 2175 locis
696 2110 845 2175 codicum
870 2109 1050 2192 scripturae
1072 2095 1307 2191 praeferendae

34 2254 37 2261 ·
127 2220 200 2279 sunt
230 2214 401 2296 excerptis.
453 2214 518 2279 iam
548 2215 692 2296 reliquas
723 2215 878 2298 deinceps
895 2233 1156 2296 percenseamus
1189 2213 1309 2278 diserc-

28 2397 31 2401 ι
125 2317 266 2401 pontias,
299 2337 382 2399 quae
414 2339 451 2384 eo
482 2319 666 2384 accuratius
696 2318 937 2383 examinandae
968 2323 1051 2399 sunt,
1082 2316 1169 2399 quod
1201 2316 1240 2381 de
1265 2317 1310 2380 in·

43 2460 46 2466 -
126 2419 252 2486 dustria
275 2442 415 2488 novasse
440 2428 664 2506 excerptorem
687 2420 767 2487 nihil
792 2429 844 2488 est
867 2442 923 2487 cur
947 2427 1139 2486 statuamus.

640 2526 656 2589 Ι
691 2528 706 2590 1
746 2527 797 2590 29.

229 2630 320 2695 Libri
350 2631 509 2713 praebent
532 2576 720 2712 ‚bidentbs‘⁷
741 2635 877 2712 excepta
900 2629 1069 2714 Regiensi,
1101 2632 1134 2695 in
1166 2650 1231 2713 qua
1261 2636 1310 2696 est

13 2740 15 2745 ’
126 2734 312 2816 ,bidentem‘
331 2735 455 2816 pariter
478 2740 575 2817 atque
596 2735 630 2799 in
654 2734 816 2817 excerptis
832 2733 1176 2800 Nostradamensibus.
1221 2734 1309 2816 quod

127 2838 297 2904 Dissenius
312 2840 337 2920 Ι,
360 2859 391 2920 p.
417 2843 435 2902 2
452 2859 549 2903 unum
573 2838 736 2905 bidentem
758 2859 824 2904 non
839 2837 948 2920 plures
972 2839 1066 2904 simul
1086 2845 1196 2904 tenere
1211 2858 1309 2921 posse

125 2949 255 3025 poetam
285 2941 425 3006 adnotat
454 2942 602 3024 argutius
634 2950 699 3024 est,
736 2961 839 3024 neque
870 2941 955 3006 enim
986 2942 1073 3007 idem
1107 2942 1243 3007 offendit
1274 2942 1308 3006 in

79 3086 82 3097 ·
126 3046 338 3111 antecedente
360 3046 469 3128 ,rivos‘
497 3047 667 3127 vocabulo,
697 3066 894 3129 quamquam
923 3066 963 3111 ne
992 3046 1037 3112 ad
1060 3046 1150 3113 rivos
1180 3047 1310 3128 quidem

5 3192 8 3199 ·
126 3151 220 3216 simul
243 3151 352 3233 plures
374 3156 504 3234 poetam
527 3150 729 3231 requiescere
745 3171 844 3234 posse
861 3152 973 3216 elucet.
1012 3151 1040 3216 si
1062 3150 1162 3233 igitur
1189 3150 1310 3216 omissa

127 3254 273 3320 codicum
296 3255 421 3320 ratione
455 3254 573 3320 certius
603 3255 681 3336 quid
711 3255 883 3337 explorare
909 3255 1074 3338 volumus,
1106 3274 1309 3320 numerorum

16 3404 19 3411 -
127 3358 355 3441 adgrediemur
378 3378 470 3423 usum
493 3357 713 3423 Tibullianum
737 3366 836 3442 atque
864 3379 940 3424 num
971 3359 1103 3443 saepius
1125 3365 1223 3441 poeta
1246 3359 1309 3424 sin-

126 3462 272 3546 gularem
295 3461 500 3545 usurpaverit
529 3483 587 3545 pro
610 3462 732 3545 plurali
755 3469 786 3528 et
810 3464 882 3529 vice
907 3484 1004 3529 versa
1026 3464 1309 3547 investigabimus.

126 3567 287 3651 permulta
316 3568 400 3632 enim
428 3573 501 3632 sunt
531 3567 709 3650 vocabula,
740 3586 825 3648 quae
858 3569 954 3634 modo
977 3568 1098 3651 plurali
1126 3569 1222 3633 modo
1245 3568 1308 3633 sin·

127 3672 235 3754 gulari
263 3671 410 3736 Tibullus
434 3673 641 3755 expresserit,
665 3670 754 3737 velut
777 3672 820 3752 ΙΙ,
852 3675 880 3755 l,
902 3672 945 3738 50
968 3672 1143 3755 ,compleat
1164 3679 1199 3737 ut
1222 3672 1310 3738 dulei

127 3777 241 3841 sedula
264 3775 352 3840 ocelle
380 3776 500 3860 favos,
524 3784 559 3841 at
582 3779 606 3859 I,
630 3777 659 3859 3,
687 3775 729 3839 45
751 3776 854 3858 ‚ipsae
877 3777 971 3842 mello
993 3777 1118 3842 dabant
1149 3779 1308 3859 quercus‘,

208 3973 331 3980 ...η-ᾕ-

161 4101 194 4175 ⁸¹)
213 4103 248 4158 cf.
267 4104 299 4158 L.
318 4104 441 4160 Mueller.
477 4107 494 4161 l.
515 4123 539 4162 c.
558 4123 587 4175 p.
607 4107 650 4162 72.
