<?xml version="1.0" encoding="UTF-8"?>
<!DOCTYPE html PUBLIC "-//W3C//DTD XHTML 1.0 Transitional//EN"
    "http://www.w3.org/TR/xhtml1/DTD/xhtml1-transitional.dtd">
<html xmlns="http://www.w3.org/1999/xhtml" xml:lang="en" lang="en">
 <head>
  <title>
</title>
<meta http-equiv="Content-Type" content="text/html;charset=utf-8" />
  <meta name='ocr-system' content='tesseract 3.04.00' />
  <meta name='ocr-capabilities' content='ocr_page ocr_carea ocr_par ocr_line ocrx_word'/>
</head>
<body>
  <div class='ocr_page' id='page_1' title='image "./deexcerptistibv01protgoog_0040.png"; bbox 0 0 2948 4500; ppageno 0'>
   <div class='ocr_carea' id='block_1_1' title="bbox 714 180 756 293">
    <p class='ocr_par' dir='ltr' id='par_1_1' title="bbox 714 180 756 293">
     <span class='ocr_line' id='line_1_1' title="bbox 714 180 756 293; baseline 0 -44"><span class='ocrx_word' id='word_1_1' title='bbox 714 180 756 293; x_wconf 76' lang='lat'>33</span> 
     </span>
    </p>
   </div>
   <div class='ocr_carea' id='block_1_2' title="bbox 98 389 1469 3598">
    <p class='ocr_par' dir='ltr' id='par_1_2' title="bbox 98 389 1469 688">
     <span class='ocr_line' id='line_1_2' title="bbox 141 389 1381 478; baseline 0 -21"><span class='ocrx_word' id='word_1_2' title='bbox 141 395 219 460; x_wconf 90' lang='lat' dir='ltr'>nihil</span> <span class='ocrx_word' id='word_1_3' title='bbox 243 395 309 460; x_wconf 89' lang='lat' dir='ltr'>nisi</span> <span class='ocrx_word' id='word_1_4' title='bbox 333 415 374 460; x_wconf 90' lang='lat' dir='ltr'>ex</span> <span class='ocrx_word' id='word_1_5' title='bbox 397 394 511 461; x_wconf 89' lang='lat' dir='ltr'>eodem</span> <span class='ocrx_word' id='word_1_6' title='bbox 534 394 623 460; x_wconf 87' lang='lat' dir='ltr'>fonte</span> <span class='ocrx_word' id='word_1_7' title='bbox 646 403 783 478; x_wconf 91' lang='lat' dir='ltr'>utraque</span> <span class='ocrx_word' id='word_1_8' title='bbox 805 394 939 460; x_wconf 85' lang='lat' dir='ltr'>fluxisse</span> <span class='ocrx_word' id='word_1_9' title='bbox 963 394 1138 460; x_wconf 78' lang='lat' dir='ltr'>contendit.</span> <span class='ocrx_word' id='word_1_10' title='bbox 1155 390 1193 475; x_wconf 78' lang='grc'>70)</span> <span class='ocrx_word' id='word_1_11' title='bbox 1232 389 1325 458; x_wconf 88' lang='lat' dir='ltr'>Rich·</span> <span class='ocrx_word' id='word_1_12' title='bbox 1379 460 1381 465; x_wconf 72' lang='grc'>,</span> 
     </span>
     <span class='ocr_line' id='line_1_3' title="bbox 98 497 1469 582; baseline 0 -20"><span class='ocrx_word' id='word_1_13' title='bbox 98 527 103 543; x_wconf 89' lang='grc'><em>·</em></span> <span class='ocrx_word' id='word_1_14' title='bbox 145 506 233 563; x_wconf 87' lang='lat' dir='ltr'>torus</span> <span class='ocrx_word' id='word_1_15' title='bbox 255 506 363 564; x_wconf 90' lang='lat' dir='ltr'>autem</span> <span class='ocrx_word' id='word_1_16' title='bbox 386 499 440 580; x_wconf 92' lang='lat' dir='ltr'>qui</span> <span class='ocrx_word' id='word_1_17' title='bbox 456 499 662 564; x_wconf 88' lang='lat' dir='ltr'>Vincentium</span> <span class='ocrx_word' id='word_1_18' title='bbox 686 519 751 563; x_wconf 94' lang='lat' dir='ltr'>non</span> <span class='ocrx_word' id='word_1_19' title='bbox 775 505 931 582; x_wconf 88' lang='lat' dir='ltr'>excerpta</span> <span class='ocrx_word' id='word_1_20' title='bbox 953 499 1011 564; x_wconf 91' lang='lat' dir='ltr'>sed</span> <span class='ocrx_word' id='word_1_21' title='bbox 1035 497 1181 564; x_wconf 79' lang='lat' dir='ltr'>codicem</span> <span class='ocrx_word' id='word_1_22' title='bbox 1205 497 1327 563; x_wconf 85' lang='lat' dir='ltr'>Tibulli</span> <span class='ocrx_word' id='word_1_23' title='bbox 1431 506 1469 573; x_wconf 65' lang='grc'>,··’</span> 
     </span>
     <span class='ocr_line' id='line_1_4' title="bbox 98 600 1469 688; baseline 0.003 -24"><span class='ocrx_word' id='word_1_24' title='bbox 98 622 100 633; x_wconf 91' lang='grc'><strong><em>·</em></strong></span> <span class='ocrx_word' id='word_1_25' title='bbox 141 602 174 665; x_wconf 92' lang='lat' dir='ltr'>in</span> <span class='ocrx_word' id='word_1_26' title='bbox 198 603 347 668; x_wconf 87' lang='lat' dir='ltr'>manibus</span> <span class='ocrx_word' id='word_1_27' title='bbox 371 603 527 668; x_wconf 90' lang='lat' dir='ltr'>habuisse</span> <span class='ocrx_word' id='word_1_28' title='bbox 551 603 701 669; x_wconf 89' lang='lat' dir='ltr'>evincere</span> <span class='ocrx_word' id='word_1_29' title='bbox 724 603 849 668; x_wconf 86' lang='lat' dir='ltr'>studuit</span> <span class='ocrx_word' id='word_1_30' title='bbox 871 606 960 688; x_wconf 88' lang='lat' dir='ltr'>(pag.</span> <span class='ocrx_word' id='word_1_31' title='bbox 975 602 1125 685; x_wconf 82' lang='lat'>14-20),</span> <span class='ocrx_word' id='word_1_32' title='bbox 1150 623 1214 668; x_wconf 93' lang='lat' dir='ltr'>non</span> <span class='ocrx_word' id='word_1_33' title='bbox 1230 600 1328 668; x_wconf 87' lang='lat' dir='ltr'>video</span> <span class='ocrx_word' id='word_1_34' title='bbox 1451 606 1469 677; x_wconf 72' lang='grc' dir='ltr'>·ἷ</span> 
     </span>
    </p>

    <p class='ocr_par' dir='ltr' id='par_1_3' title="bbox 142 670 1323 789">
     <span class='ocr_line' id='line_1_5' title="bbox 142 670 1323 789; baseline 0.001 -20"><span class='ocrx_word' id='word_1_35' title='bbox 142 696 219 787; x_wconf 89' lang='lat' dir='ltr'>quid</span> <span class='ocrx_word' id='word_1_36' title='bbox 243 707 381 772; x_wconf 88' lang='lat' dir='ltr'>voluerit</span> <span class='ocrx_word' id='word_1_37' title='bbox 414 707 476 771; x_wconf 92' lang='lat' dir='ltr'>nisi</span> <span class='ocrx_word' id='word_1_38' title='bbox 510 707 585 788; x_wconf 89' lang='lat' dir='ltr'>hoo,</span> <span class='ocrx_word' id='word_1_39' title='bbox 617 670 830 773; x_wconf 59' lang='lat' dir='ltr'>evincentrf)</span> <span class='ocrx_word' id='word_1_40' title='bbox 857 707 991 788; x_wconf 84' lang='lat' dir='ltr'>eclogas</span> <span class='ocrx_word' id='word_1_41' title='bbox 1014 707 1245 789; x_wconf 84' lang='lat' dir='ltr'>Scaligeranas</span> <span class='ocrx_word' id='word_1_42' title='bbox 1268 703 1323 770; x_wconf 87' lang='lat' dir='ltr'>du-</span> 
     </span>
    </p>

    <p class='ocr_par' dir='ltr' id='par_1_4' title="bbox 143 808 1331 895">
     <span class='ocr_line' id='line_1_6' title="bbox 143 808 1331 895; baseline -0.001 -22"><span class='ocrx_word' id='word_1_43' title='bbox 143 809 242 880; x_wconf 79' lang='lat' dir='ltr'>xisse,</span> <span class='ocrx_word' id='word_1_44' title='bbox 288 810 378 875; x_wconf 86' lang='lat' dir='ltr'>cuius</span> <span class='ocrx_word' id='word_1_45' title='bbox 402 816 510 876; x_wconf 89' lang='lat' dir='ltr'>tamen</span> <span class='ocrx_word' id='word_1_46' title='bbox 535 830 624 875; x_wconf 88' lang='lat' dir='ltr'>error</span> <span class='ocrx_word' id='word_1_47' title='bbox 646 811 827 876; x_wconf 88' lang='lat' dir='ltr'>sententiae</span> <span class='ocrx_word' id='word_1_48' title='bbox 850 810 884 874; x_wconf 91' lang='lat' dir='ltr'>in</span> <span class='ocrx_word' id='word_1_49' title='bbox 899 810 1071 895; x_wconf 92' lang='lat' dir='ltr'>propatulo</span> <span class='ocrx_word' id='word_1_50' title='bbox 1095 816 1165 875; x_wconf 89' lang='lat' dir='ltr'>est:</span> <span class='ocrx_word' id='word_1_51' title='bbox 1182 808 1331 891; x_wconf 83' lang='lat' dir='ltr'>Scaliger</span> 
     </span>
    </p>

    <p class='ocr_par' dir='ltr' id='par_1_5' title="bbox 98 912 1421 1103">
     <span class='ocr_line' id='line_1_7' title="bbox 142 912 1330 1025; baseline -0.001 -49"><span class='ocrx_word' id='word_1_52' title='bbox 142 913 226 977; x_wconf 91' lang='lat' dir='ltr'>enim</span> <span class='ocrx_word' id='word_1_53' title='bbox 248 913 279 1025; x_wconf 76' lang='lat' dir='ltr'>pi</span> <span class='ocrx_word' id='word_1_54' title='bbox 304 913 520 979; x_wconf 79' lang='lat' dir='ltr'>vincentiana</span> <span class='ocrx_word' id='word_1_55' title='bbox 548 916 581 978; x_wconf 94' lang='lat' dir='ltr'>in</span> <span class='ocrx_word' id='word_1_56' title='bbox 604 915 753 980; x_wconf 88' lang='lat' dir='ltr'>manibus</span> <span class='ocrx_word' id='word_1_57' title='bbox 776 913 961 998; x_wconf 80' lang='lat' dir='ltr'>habuisset,</span> <span class='ocrx_word' id='word_1_58' title='bbox 992 933 1055 995; x_wconf 91' lang='lat' dir='ltr'>quo</span> <span class='ocrx_word' id='word_1_59' title='bbox 1086 912 1182 979; x_wconf 93' lang='lat' dir='ltr'>modo</span> <span class='ocrx_word' id='word_1_60' title='bbox 1214 932 1255 978; x_wconf 87' lang='lat' dir='ltr'>ex</span> <span class='ocrx_word' id='word_1_61' title='bbox 1278 912 1330 976; x_wconf 93' lang='lat' dir='ltr'>his</span> 
     </span>
     <span class='ocr_line' id='line_1_8' title="bbox 98 1014 1421 1103; baseline 0.001 -23"><span class='ocrx_word' id='word_1_62' title='bbox 98 1068 101 1073; x_wconf 95' lang='lat'>.</span> <span class='ocrx_word' id='word_1_63' title='bbox 144 1014 272 1081; x_wconf 82' lang='lat' dir='ltr'>adferre</span> <span class='ocrx_word' id='word_1_64' title='bbox 296 1018 412 1100; x_wconf 88' lang='lat' dir='ltr'>potuit,</span> <span class='ocrx_word' id='word_1_65' title='bbox 437 1019 524 1099; x_wconf 92' lang='lat' dir='ltr'>quod</span> <span class='ocrx_word' id='word_1_66' title='bbox 548 1039 613 1083; x_wconf 90' lang='lat' dir='ltr'>non</span> <span class='ocrx_word' id='word_1_67' title='bbox 629 1018 791 1084; x_wconf 87' lang='lat' dir='ltr'>invenitur</span> <span class='ocrx_word' id='word_1_68' title='bbox 807 1018 896 1103; x_wconf 92' lang='lat' dir='ltr'>apud</span> <span class='ocrx_word' id='word_1_69' title='bbox 913 1017 1143 1086; x_wconf 75' lang='lat' dir='ltr'>Vincentiumi</span> <span class='ocrx_word' id='word_1_70' title='bbox 1167 1037 1228 1100; x_wconf 86' lang='lat' dir='ltr'>ego</span> <span class='ocrx_word' id='word_1_71' title='bbox 1251 1035 1328 1081; x_wconf 88' lang='lat' dir='ltr'>vero</span> <span class='ocrx_word' id='word_1_72' title='bbox 1419 1053 1421 1058; x_wconf 93' lang='lat'>·</span> 
     </span>
    </p>

    <p class='ocr_par' dir='ltr' id='par_1_6' title="bbox 143 1118 1328 1205">
     <span class='ocr_line' id='line_1_9' title="bbox 143 1118 1328 1205; baseline 0 -21"><span class='ocrx_word' id='word_1_73' title='bbox 143 1120 327 1201; x_wconf 89' lang='lat' dir='ltr'>quindecim</span> <span class='ocrx_word' id='word_1_74' title='bbox 358 1123 471 1187; x_wconf 85' lang='lat' dir='ltr'>notavi</span> <span class='ocrx_word' id='word_1_75' title='bbox 503 1123 646 1205; x_wconf 71' lang='lat' dir='ltr'>locoslll</span> <span class='ocrx_word' id='word_1_76' title='bbox 672 1123 822 1205; x_wconf 92' lang='lat' dir='ltr'>quicum</span> <span class='ocrx_word' id='word_1_77' title='bbox 853 1122 885 1186; x_wconf 91' lang='lat' dir='ltr'>in</span> <span class='ocrx_word' id='word_1_78' title='bbox 910 1121 1134 1204; x_wconf 83' lang='lat' dir='ltr'>Scaligeranis</span> <span class='ocrx_word' id='word_1_79' title='bbox 1165 1118 1328 1203; x_wconf 84' lang='lat' dir='ltr'>excerptis</span> 
     </span>
    </p>

    <p class='ocr_par' dir='ltr' id='par_1_7' title="bbox 141 1223 1331 1621">
     <span class='ocr_line' id='line_1_10' title="bbox 141 1223 1329 1310; baseline 0 -23"><span class='ocrx_word' id='word_1_80' title='bbox 141 1223 296 1289; x_wconf 89' lang='lat' dir='ltr'>infuerint</span> <span class='ocrx_word' id='word_1_81' title='bbox 326 1224 399 1307; x_wconf 93' lang='lat' dir='ltr'>ipso</span> <span class='ocrx_word' id='word_1_82' title='bbox 433 1231 517 1290; x_wconf 89' lang='lat' dir='ltr'>teste</span> <span class='ocrx_word' id='word_1_83' title='bbox 550 1226 736 1310; x_wconf 77' lang='lat' dir='ltr'>scaligero,</span> <span class='ocrx_word' id='word_1_84' title='bbox 772 1224 861 1309; x_wconf 90' lang='lat' dir='ltr'>apud</span> <span class='ocrx_word' id='word_1_85' title='bbox 891 1226 1096 1292; x_wconf 86' lang='lat' dir='ltr'>Vincentium</span> <span class='ocrx_word' id='word_1_86' title='bbox 1130 1226 1229 1309; x_wconf 90' lang='lat' dir='ltr'>plane</span> <span class='ocrx_word' id='word_1_87' title='bbox 1265 1242 1329 1287; x_wconf 93' lang='lat' dir='ltr'>non</span> 
     </span>
     <span class='ocr_line' id='line_1_11' title="bbox 147 1326 1329 1412; baseline -0.003 -20"><span class='ocrx_word' id='word_1_88' title='bbox 147 1334 271 1392; x_wconf 87' lang='lat' dir='ltr'>extant.</span> <span class='ocrx_word' id='word_1_89' title='bbox 317 1347 358 1391; x_wconf 91' lang='lat' dir='ltr'>an</span> <span class='ocrx_word' id='word_1_90' title='bbox 388 1328 484 1411; x_wconf 90' lang='lat' dir='ltr'>plura</span> <span class='ocrx_word' id='word_1_91' title='bbox 516 1329 695 1412; x_wconf 87' lang='lat' dir='ltr'>aliquando</span> <span class='ocrx_word' id='word_1_92' title='bbox 719 1330 925 1395; x_wconf 85' lang='lat' dir='ltr'>Vincentium</span> <span class='ocrx_word' id='word_1_93' title='bbox 955 1330 1108 1395; x_wconf 88' lang='lat' dir='ltr'>ecodice</span> <span class='ocrx_word' id='word_1_94' title='bbox 1132 1326 1252 1393; x_wconf 84' lang='lat' dir='ltr'>Tibulli</span> <span class='ocrx_word' id='word_1_95' title='bbox 1275 1345 1329 1391; x_wconf 89' lang='lat' dir='ltr'>ex-</span> 
     </span>
     <span class='ocr_line' id='line_1_12' title="bbox 143 1432 1328 1518; baseline -0.003 -21"><span class='ocrx_word' id='word_1_96' title='bbox 143 1432 305 1515; x_wconf 83' lang='lat' dir='ltr'>cerpsisse</span> <span class='ocrx_word' id='word_1_97' title='bbox 328 1451 463 1513; x_wconf 89' lang='lat' dir='ltr'>quorum</span> <span class='ocrx_word' id='word_1_98' title='bbox 487 1454 564 1517; x_wconf 90' lang='lat' dir='ltr'>pars</span> <span class='ocrx_word' id='word_1_99' title='bbox 589 1434 632 1499; x_wconf 93' lang='lat' dir='ltr'>ad</span> <span class='ocrx_word' id='word_1_100' title='bbox 656 1434 859 1517; x_wconf 84' lang='lat' dir='ltr'>Scaligerum</span> <span class='ocrx_word' id='word_1_101' title='bbox 881 1433 1083 1518; x_wconf 87' lang='lat' dir='ltr'>pervenerit,</span> <span class='ocrx_word' id='word_1_102' title='bbox 1113 1432 1156 1496; x_wconf 91' lang='lat' dir='ltr'>ad</span> <span class='ocrx_word' id='word_1_103' title='bbox 1181 1450 1241 1496; x_wconf 91' lang='lat' dir='ltr'>nos</span> <span class='ocrx_word' id='word_1_104' title='bbox 1264 1450 1328 1494; x_wconf 93' lang='lat' dir='ltr'>non</span> 
     </span>
     <span class='ocr_line' id='line_1_13' title="bbox 143 1534 1331 1621; baseline -0.002 -22"><span class='ocrx_word' id='word_1_105' title='bbox 143 1535 332 1619; x_wconf 88' lang='lat' dir='ltr'>pervenerit</span> <span class='ocrx_word' id='word_1_106' title='bbox 355 1542 475 1603; x_wconf 90' lang='lat' dir='ltr'>temere</span> <span class='ocrx_word' id='word_1_107' title='bbox 499 1537 684 1621; x_wconf 82' lang='lat' dir='ltr'>fingemus?</span> <span class='ocrx_word' id='word_1_108' title='bbox 719 1538 815 1603; x_wconf 92' lang='lat' dir='ltr'>immo</span> <span class='ocrx_word' id='word_1_109' title='bbox 840 1538 924 1603; x_wconf 90' lang='lat' dir='ltr'>alias</span> <span class='ocrx_word' id='word_1_110' title='bbox 948 1557 1020 1603; x_wconf 91' lang='lat' dir='ltr'>esse</span> <span class='ocrx_word' id='word_1_111' title='bbox 1042 1537 1204 1602; x_wconf 80' lang='lat' dir='ltr'>fateamur</span> <span class='ocrx_word' id='word_1_112' title='bbox 1228 1534 1331 1600; x_wconf 85' lang='lat' dir='ltr'>Scali-</span> 
     </span>
    </p>

    <p class='ocr_par' dir='ltr' id='par_1_8' title="bbox 147 1637 1330 1724">
     <span class='ocr_line' id='line_1_14' title="bbox 147 1637 1330 1724; baseline 0 -22"><span class='ocrx_word' id='word_1_113' title='bbox 147 1639 218 1722; x_wconf 85' lang='lat' dir='ltr'>geri</span> <span class='ocrx_word' id='word_1_114' title='bbox 252 1645 285 1703; x_wconf 91' lang='lat' dir='ltr'>et</span> <span class='ocrx_word' id='word_1_115' title='bbox 320 1639 484 1706; x_wconf 89' lang='lat' dir='ltr'>Vincentii</span> <span class='ocrx_word' id='word_1_116' title='bbox 519 1643 667 1724; x_wconf 86' lang='lat' dir='ltr'>eclogas:</span> <span class='ocrx_word' id='word_1_117' title='bbox 704 1643 782 1707; x_wconf 91' lang='lat' dir='ltr'>illae</span> <span class='ocrx_word' id='word_1_118' title='bbox 816 1648 968 1724; x_wconf 87' lang='lat' dir='ltr'>quantum</span> <span class='ocrx_word' id='word_1_119' title='bbox 1004 1659 1022 1705; x_wconf 90' lang='lat' dir='ltr'>e</span> <span class='ocrx_word' id='word_1_120' title='bbox 1055 1637 1330 1722; x_wconf 85' lang='lat' dir='ltr'>castigationibus</span> 
     </span>
    </p>

    <p class='ocr_par' dir='ltr' id='par_1_9' title="bbox 144 1741 1452 1833">
     <span class='ocr_line' id='line_1_15' title="bbox 144 1741 1452 1833; baseline -0.001 -26"><span class='ocrx_word' id='word_1_121' title='bbox 144 1743 249 1827; x_wconf 88' lang='lat' dir='ltr'>ipsius</span> <span class='ocrx_word' id='word_1_122' title='bbox 273 1749 305 1808; x_wconf 87' lang='lat' dir='ltr'>ot</span> <span class='ocrx_word' id='word_1_123' title='bbox 321 1765 339 1808; x_wconf 95' lang='lat' dir='ltr'>e</span> <span class='ocrx_word' id='word_1_124' title='bbox 354 1744 425 1810; x_wconf 88' lang='lat' dir='ltr'>Nic.</span> <span class='ocrx_word' id='word_1_125' title='bbox 450 1745 577 1810; x_wconf 90' lang='lat' dir='ltr'>Heinsii</span> <span class='ocrx_word' id='word_1_126' title='bbox 593 1745 679 1811; x_wconf 86' lang='lat' dir='ltr'>notis</span> <span class='ocrx_word' id='word_1_127' title='bbox 695 1746 784 1828; x_wconf 90' lang='lat' dir='ltr'>apud</span> <span class='ocrx_word' id='word_1_128' title='bbox 808 1743 1046 1810; x_wconf 79' lang='lat' dir='ltr'>Broulxhusium</span> <span class='ocrx_word' id='word_1_129' title='bbox 1063 1743 1101 1826; x_wconf 58' lang='grc' dir='ltr'>ΙΙ)</span> <span class='ocrx_word' id='word_1_130' title='bbox 1125 1762 1202 1827; x_wconf 90' lang='lat' dir='ltr'>pag.</span> <span class='ocrx_word' id='word_1_131' title='bbox 1224 1741 1330 1806; x_wconf 82' lang='grc'>442-</span> <span class='ocrx_word' id='word_1_132' title='bbox 1449 1826 1452 1833; x_wconf 26' lang='grc' dir='ltr'>Ι</span> 
     </span>
    </p>

    <p class='ocr_par' dir='ltr' id='par_1_10' title="bbox 142 1833 1409 1933">
     <span class='ocr_line' id='line_1_16' title="bbox 142 1833 1409 1933; baseline 0.001 -23"><span class='ocrx_word' id='word_1_133' title='bbox 142 1847 207 1912; x_wconf 83' lang='grc'>458</span> <span class='ocrx_word' id='word_1_134' title='bbox 237 1847 451 1932; x_wconf 88' lang='lat' dir='ltr'>intellegitur,</span> <span class='ocrx_word' id='word_1_135' title='bbox 491 1849 591 1914; x_wconf 91' lang='lat' dir='ltr'>multo</span> <span class='ocrx_word' id='word_1_136' title='bbox 622 1855 715 1914; x_wconf 89' lang='lat' dir='ltr'>erant</span> <span class='ocrx_word' id='word_1_137' title='bbox 746 1849 921 1933; x_wconf 86' lang='lat' dir='ltr'>ampliores</span> <span class='ocrx_word' id='word_1_138' title='bbox 953 1867 1050 1930; x_wconf 91' lang='lat' dir='ltr'>quam</span> <span class='ocrx_word' id='word_1_139' title='bbox 1084 1845 1331 1927; x_wconf 80' lang='lat' dir='ltr'>vincentianae,</span> <span class='ocrx_word' id='word_1_140' title='bbox 1405 1833 1409 1837; x_wconf 58' lang='grc'><strong>’</strong></span> 
     </span>
    </p>

    <p class='ocr_par' dir='ltr' id='par_1_11' title="bbox 144 1951 1430 2036">
     <span class='ocr_line' id='line_1_17' title="bbox 144 1951 1430 2036; baseline 0 -22"><span class='ocrx_word' id='word_1_141' title='bbox 144 1971 251 2034; x_wconf 89' lang='lat' dir='ltr'>neque</span> <span class='ocrx_word' id='word_1_142' title='bbox 274 1972 294 2016; x_wconf 90' lang='lat' dir='ltr'>a</span> <span class='ocrx_word' id='word_1_143' title='bbox 316 1957 406 2016; x_wconf 89' lang='lat' dir='ltr'>reeta</span> <span class='ocrx_word' id='word_1_144' title='bbox 429 1953 542 2036; x_wconf 88' lang='lat' dir='ltr'>opinor</span> <span class='ocrx_word' id='word_1_145' title='bbox 566 1954 622 2018; x_wconf 86' lang='lat' dir='ltr'>via</span> <span class='ocrx_word' id='word_1_146' title='bbox 646 1953 852 2035; x_wconf 85' lang='lat' dir='ltr'>declinabis,</span> <span class='ocrx_word' id='word_1_147' title='bbox 882 1952 911 2018; x_wconf 90' lang='lat' dir='ltr'>si</span> <span class='ocrx_word' id='word_1_148' title='bbox 943 1970 1075 2017; x_wconf 91' lang='lat' dir='ltr'>numero</span> <span class='ocrx_word' id='word_1_149' title='bbox 1105 1951 1161 2034; x_wconf 88' lang='lat' dir='ltr'>vix</span> <span class='ocrx_word' id='word_1_150' title='bbox 1190 1951 1331 2016; x_wconf 88' lang='lat' dir='ltr'>minores</span> <span class='ocrx_word' id='word_1_151' title='bbox 1427 2000 1430 2006; x_wconf 90' lang='lat'>.</span> 
     </span>
    </p>

    <p class='ocr_par' dir='ltr' id='par_1_12' title="bbox 147 2054 1333 2139">
     <span class='ocr_line' id='line_1_18' title="bbox 147 2054 1333 2139; baseline -0.002 -20"><span class='ocrx_word' id='word_1_152' title='bbox 147 2054 247 2120; x_wconf 83' lang='lat' dir='ltr'>fuisse</span> <span class='ocrx_word' id='word_1_153' title='bbox 265 2075 361 2138; x_wconf 89' lang='lat' dir='ltr'>quam</span> <span class='ocrx_word' id='word_1_154' title='bbox 378 2056 499 2122; x_wconf 88' lang='lat' dir='ltr'>codicis</span> <span class='ocrx_word' id='word_1_155' title='bbox 514 2057 803 2123; x_wconf 87' lang='lat' dir='ltr'>Nostradamensis</span> <span class='ocrx_word' id='word_1_156' title='bbox 823 2063 978 2139; x_wconf 86' lang='lat' dir='ltr'>excerpta</span> <span class='ocrx_word' id='word_1_157' title='bbox 993 2054 1200 2136; x_wconf 86' lang='lat' dir='ltr'>indicaveris,</span> <span class='ocrx_word' id='word_1_158' title='bbox 1224 2073 1333 2136; x_wconf 92' lang='lat' dir='ltr'>quam·</span> 
     </span>
    </p>

    <p class='ocr_par' dir='ltr' id='par_1_13' title="bbox 144 2159 1330 2245">
     <span class='ocr_line' id='line_1_19' title="bbox 144 2159 1330 2245; baseline -0.001 -23"><span class='ocrx_word' id='word_1_159' title='bbox 144 2179 241 2242; x_wconf 90' lang='lat' dir='ltr'>quam</span> <span class='ocrx_word' id='word_1_160' title='bbox 272 2161 353 2223; x_wconf 89' lang='lat' dir='ltr'>certi</span> <span class='ocrx_word' id='word_1_161' title='bbox 384 2159 559 2242; x_wconf 88' lang='lat' dir='ltr'>quidquam</span> <span class='ocrx_word' id='word_1_162' title='bbox 596 2162 696 2227; x_wconf 87' lang='lat' dir='ltr'>statui</span> <span class='ocrx_word' id='word_1_163' title='bbox 728 2182 793 2226; x_wconf 92' lang='lat' dir='ltr'>non</span> <span class='ocrx_word' id='word_1_164' title='bbox 821 2166 947 2245; x_wconf 89' lang='lat' dir='ltr'>potest,</span> <span class='ocrx_word' id='word_1_165' title='bbox 984 2178 1055 2225; x_wconf 91' lang='lat' dir='ltr'>cum</span> <span class='ocrx_word' id='word_1_166' title='bbox 1086 2159 1237 2241; x_wconf 85' lang='lat' dir='ltr'>Scaliger</span> <span class='ocrx_word' id='word_1_167' title='bbox 1267 2177 1330 2222; x_wconf 93' lang='lat' dir='ltr'>non</span> 
     </span>
    </p>

    <p class='ocr_par' dir='ltr' id='par_1_14' title="bbox 146 2264 1333 2349">
     <span class='ocr_line' id='line_1_20' title="bbox 146 2264 1333 2349; baseline -0.003 -20"><span class='ocrx_word' id='word_1_168' title='bbox 146 2283 256 2329; x_wconf 91' lang='lat' dir='ltr'>omnes</span> <span class='ocrx_word' id='word_1_169' title='bbox 279 2264 462 2330; x_wconf 87' lang='lat' dir='ltr'>enotaverit</span> <span class='ocrx_word' id='word_1_170' title='bbox 486 2273 710 2349; x_wconf 81' lang='lat' dir='ltr'>excerptorum</span> <span class='ocrx_word' id='word_1_171' title='bbox 735 2266 912 2349; x_wconf 86' lang='lat' dir='ltr'>scripturas</span> <span class='ocrx_word' id='word_1_172' title='bbox 936 2265 995 2330; x_wconf 87' lang='lat' dir='ltr'>sed</span> <span class='ocrx_word' id='word_1_173' title='bbox 1019 2283 1076 2329; x_wconf 88' lang='lat' dir='ltr'>eas</span> <span class='ocrx_word' id='word_1_174' title='bbox 1101 2270 1226 2328; x_wconf 90' lang='lat' dir='ltr'>tantum</span> <span class='ocrx_word' id='word_1_175' title='bbox 1249 2281 1333 2343; x_wconf 89' lang='lat' dir='ltr'>quae</span> 
     </span>
    </p>

    <p class='ocr_par' dir='ltr' id='par_1_15' title="bbox 148 2365 1333 2451">
     <span class='ocr_line' id='line_1_21' title="bbox 148 2365 1333 2451; baseline -0.001 -21"><span class='ocrx_word' id='word_1_176' title='bbox 148 2387 295 2433; x_wconf 83' lang='lat' dir='ltr'>maxume</span> <span class='ocrx_word' id='word_1_177' title='bbox 325 2367 560 2451; x_wconf 87' lang='lat' dir='ltr'>discreparent.</span> <span class='ocrx_word' id='word_1_178' title='bbox 605 2369 637 2433; x_wconf 91' lang='lat' dir='ltr'>in</span> <span class='ocrx_word' id='word_1_179' title='bbox 670 2389 812 2451; x_wconf 87' lang='lat' dir='ltr'>summa,</span> <span class='ocrx_word' id='word_1_180' title='bbox 843 2390 907 2435; x_wconf 90' lang='lat' dir='ltr'>nou</span> <span class='ocrx_word' id='word_1_181' title='bbox 938 2368 999 2433; x_wconf 85' lang='lat' dir='ltr'>fuit</span> <span class='ocrx_word' id='word_1_182' title='bbox 1029 2367 1219 2432; x_wconf 87' lang='lat' dir='ltr'>Vincentius</span> <span class='ocrx_word' id='word_1_183' title='bbox 1250 2365 1333 2429; x_wconf 90' lang='lat' dir='ltr'>eolo·</span> 
     </span>
    </p>

    <p class='ocr_par' dir='ltr' id='par_1_16' title="bbox 147 2467 1446 2558">
     <span class='ocr_line' id='line_1_22' title="bbox 147 2467 1446 2558; baseline -0.003 -23"><span class='ocrx_word' id='word_1_184' title='bbox 147 2491 261 2554; x_wconf 90' lang='lat' dir='ltr'>garum</span> <span class='ocrx_word' id='word_1_185' title='bbox 284 2472 446 2555; x_wconf 88' lang='lat' dir='ltr'>Scaligeri</span> <span class='ocrx_word' id='word_1_186' title='bbox 469 2480 592 2558; x_wconf 88' lang='lat' dir='ltr'>auctor,</span> <span class='ocrx_word' id='word_1_187' title='bbox 616 2493 815 2539; x_wconf 89' lang='lat' dir='ltr'>communem</span> <span class='ocrx_word' id='word_1_188' title='bbox 846 2482 952 2540; x_wconf 88' lang='lat' dir='ltr'>autem</span> <span class='ocrx_word' id='word_1_189' title='bbox 978 2473 1144 2554; x_wconf 86' lang='lat' dir='ltr'>utriusque</span> <span class='ocrx_word' id='word_1_190' title='bbox 1167 2467 1330 2552; x_wconf 86' lang='lat' dir='ltr'>excerptis</span> <span class='ocrx_word' id='word_1_191' title='bbox 1443 2539 1446 2548; x_wconf 54' lang='grc'>,</span> 
     </span>
    </p>

    <p class='ocr_par' dir='ltr' id='par_1_17' title="bbox 149 2575 1125 2644">
     <span class='ocr_line' id='line_1_23' title="bbox 149 2575 1125 2644; baseline 0 -5"><span class='ocrx_word' id='word_1_192' title='bbox 149 2582 313 2640; x_wconf 89' lang='lat' dir='ltr'>auctorem</span> <span class='ocrx_word' id='word_1_193' title='bbox 338 2575 438 2641; x_wconf 84' lang='lat' dir='ltr'>fuisse</span> <span class='ocrx_word' id='word_1_194' title='bbox 462 2577 614 2643; x_wconf 87' lang='lat' dir='ltr'>mirificus</span> <span class='ocrx_word' id='word_1_195' title='bbox 638 2597 747 2644; x_wconf 92' lang='lat' dir='ltr'>eorum</span> <span class='ocrx_word' id='word_1_196' title='bbox 772 2597 950 2644; x_wconf 85' lang='lat' dir='ltr'>consensus</span> <span class='ocrx_word' id='word_1_197' title='bbox 973 2575 1125 2643; x_wconf 88' lang='lat' dir='ltr'>ostendit.</span> 
     </span>
    </p>

    <p class='ocr_par' dir='ltr' id='par_1_18' title="bbox 253 2672 1331 2762">
     <span class='ocr_line' id='line_1_24' title="bbox 253 2672 1331 2762; baseline -0.002 -19"><span class='ocrx_word' id='word_1_198' title='bbox 253 2681 322 2743; x_wconf 93' lang='lat' dir='ltr'>lam</span> <span class='ocrx_word' id='word_1_199' title='bbox 343 2681 547 2746; x_wconf 86' lang='lat' dir='ltr'>Vincentium</span> <span class='ocrx_word' id='word_1_200' title='bbox 563 2672 628 2746; x_wconf 83' lang='lat' dir='ltr'>non</span> <span class='ocrx_word' id='word_1_201' title='bbox 652 2682 763 2748; x_wconf 88' lang='lat' dir='ltr'>codice</span> <span class='ocrx_word' id='word_1_202' title='bbox 780 2682 965 2747; x_wconf 85' lang='lat' dir='ltr'>Tibulliano</span> <span class='ocrx_word' id='word_1_203' title='bbox 983 2682 1042 2746; x_wconf 89' lang='lat' dir='ltr'>sed</span> <span class='ocrx_word' id='word_1_204' title='bbox 1059 2678 1222 2762; x_wconf 86' lang='lat' dir='ltr'>excerptis</span> <span class='ocrx_word' id='word_1_205' title='bbox 1238 2696 1331 2743; x_wconf 87' lang='lat' dir='ltr'>usum</span> 
     </span>
    </p>

    <p class='ocr_par' dir='ltr' id='par_1_19' title="bbox 149 2783 1412 2853">
     <span class='ocr_line' id='line_1_25' title="bbox 149 2783 1412 2853; baseline 0 -7"><span class='ocrx_word' id='word_1_206' title='bbox 149 2801 222 2848; x_wconf 83' lang='lat' dir='ltr'>esse</span> <span class='ocrx_word' id='word_1_207' title='bbox 240 2791 330 2848; x_wconf 90' lang='lat' dir='ltr'>certa</span> <span class='ocrx_word' id='word_1_208' title='bbox 345 2786 472 2851; x_wconf 87' lang='lat' dir='ltr'>ratione</span> <span class='ocrx_word' id='word_1_209' title='bbox 488 2785 636 2851; x_wconf 90' lang='lat' dir='ltr'>efficitur.</span> <span class='ocrx_word' id='word_1_210' title='bbox 667 2786 818 2851; x_wconf 87' lang='lat' dir='ltr'>nimirum</span> <span class='ocrx_word' id='word_1_211' title='bbox 830 2786 1019 2853; x_wconf 86' lang='lat' dir='ltr'>Vincentius</span> <span class='ocrx_word' id='word_1_212' title='bbox 1036 2793 1068 2851; x_wconf 90' lang='lat' dir='ltr'>et</span> <span class='ocrx_word' id='word_1_213' title='bbox 1079 2783 1331 2852; x_wconf 88' lang='lat' dir='ltr'>Nostradamen·</span> <span class='ocrx_word' id='word_1_214' title='bbox 1410 2792 1412 2797; x_wconf 70' lang='grc'><strong>“</strong></span> 
     </span>
    </p>

    <p class='ocr_par' dir='ltr' id='par_1_20' title="bbox 153 2874 1332 2974">
     <span class='ocr_line' id='line_1_26' title="bbox 153 2874 1332 2974; baseline 0 -23"><span class='ocrx_word' id='word_1_215' title='bbox 153 2887 206 2951; x_wconf 90' lang='lat' dir='ltr'>sia</span> <span class='ocrx_word' id='word_1_216' title='bbox 219 2895 373 2972; x_wconf 89' lang='lat' dir='ltr'>excerpta</span> <span class='ocrx_word' id='word_1_217' title='bbox 391 2889 539 2971; x_wconf 88' lang='lat' dir='ltr'>plurimis</span> <span class='ocrx_word' id='word_1_218' title='bbox 552 2891 745 2956; x_wconf 85' lang='lat' dir='ltr'>lectionibus</span> <span class='ocrx_word' id='word_1_219' title='bbox 759 2903 949 2974; x_wconf 90' lang='lat' dir='ltr'>congruunt,</span> <span class='ocrx_word' id='word_1_220' title='bbox 968 2910 1050 2974; x_wconf 88' lang='lat' dir='ltr'>quae</span> <span class='ocrx_word' id='word_1_221' title='bbox 1063 2911 1126 2956; x_wconf 93' lang='lat' dir='ltr'>non</span> <span class='ocrx_word' id='word_1_222' title='bbox 1140 2874 1276 2973; x_wconf 88' lang='lat' dir='ltr'>possunt</span> <span class='ocrx_word' id='word_1_223' title='bbox 1288 2886 1332 2952; x_wconf 91' lang='lat' dir='ltr'>ad</span> 
     </span>
    </p>

    <p class='ocr_par' dir='ltr' id='par_1_21' title="bbox 148 2992 1333 3183">
     <span class='ocr_line' id='line_1_27' title="bbox 148 2992 1332 3078; baseline -0.001 -22"><span class='ocrx_word' id='word_1_224' title='bbox 148 2997 266 3074; x_wconf 91' lang='lat' dir='ltr'>poetae</span> <span class='ocrx_word' id='word_1_225' title='bbox 285 2992 450 3074; x_wconf 84' lang='lat' dir='ltr'>ingenium</span> <span class='ocrx_word' id='word_1_226' title='bbox 466 2993 640 3077; x_wconf 70' lang='lat' dir='ltr'>celerrime</span> <span class='ocrx_word' id='word_1_227' title='bbox 657 2995 701 3060; x_wconf 88' lang='lat' dir='ltr'>ad</span> <span class='ocrx_word' id='word_1_228' title='bbox 716 2995 954 3061; x_wconf 89' lang='lat' dir='ltr'>inconstantem</span> <span class='ocrx_word' id='word_1_229' title='bbox 967 2994 1095 3078; x_wconf 88' lang='lat' dir='ltr'>quidem</span> <span class='ocrx_word' id='word_1_230' title='bbox 1108 2994 1161 3060; x_wconf 91' lang='lat' dir='ltr'>vel</span> <span class='ocrx_word' id='word_1_231' title='bbox 1175 2993 1332 3056; x_wconf 87' lang='lat' dir='ltr'>incertam</span> 
     </span>
     <span class='ocr_line' id='line_1_28' title="bbox 150 3095 1333 3183; baseline -0.001 -24"><span class='ocrx_word' id='word_1_232' title='bbox 150 3095 298 3160; x_wconf 90' lang='lat' dir='ltr'>codicum</span> <span class='ocrx_word' id='word_1_233' title='bbox 313 3098 511 3180; x_wconf 86' lang='lat' dir='ltr'>memoriam,</span> <span class='ocrx_word' id='word_1_234' title='bbox 528 3099 587 3163; x_wconf 88' lang='lat' dir='ltr'>sed</span> <span class='ocrx_word' id='word_1_235' title='bbox 600 3099 787 3165; x_wconf 88' lang='lat' dir='ltr'>necessario</span> <span class='ocrx_word' id='word_1_236' title='bbox 800 3098 843 3164; x_wconf 88' lang='lat' dir='ltr'>ad</span> <span class='ocrx_word' id='word_1_237' title='bbox 860 3099 954 3165; x_wconf 88' lang='lat' dir='ltr'>unius</span> <span class='ocrx_word' id='word_1_238' title='bbox 967 3118 1100 3183; x_wconf 90' lang='lat' dir='ltr'>operam</span> <span class='ocrx_word' id='word_1_239' title='bbox 1116 3104 1149 3161; x_wconf 91' lang='lat' dir='ltr'>et</span> <span class='ocrx_word' id='word_1_240' title='bbox 1164 3095 1333 3161; x_wconf 87' lang='lat' dir='ltr'>consilinm</span> 
     </span>
    </p>

    <p class='ocr_par' dir='ltr' id='par_1_22' title="bbox 149 3199 1402 3283">
     <span class='ocr_line' id='line_1_29' title="bbox 149 3199 1402 3283; baseline -0.001 -21"><span class='ocrx_word' id='word_1_241' title='bbox 149 3199 350 3281; x_wconf 87' lang='lat' dir='ltr'>excerptoris</span> <span class='ocrx_word' id='word_1_242' title='bbox 372 3200 561 3266; x_wconf 80' lang='lat' dir='ltr'>referendae</span> <span class='ocrx_word' id='word_1_243' title='bbox 585 3209 675 3267; x_wconf 88' lang='lat' dir='ltr'>sunt:</span> <span class='ocrx_word' id='word_1_244' title='bbox 700 3203 788 3268; x_wconf 88' lang='lat' dir='ltr'>velut</span> <span class='ocrx_word' id='word_1_245' title='bbox 811 3209 898 3268; x_wconf 89' lang='lat' dir='ltr'>recte</span> <span class='ocrx_word' id='word_1_246' title='bbox 922 3203 1043 3268; x_wconf 89' lang='lat' dir='ltr'>habent</span> <span class='ocrx_word' id='word_1_247' title='bbox 1066 3201 1195 3266; x_wconf 86' lang='lat' dir='ltr'>codices</span> <span class='ocrx_word' id='word_1_248' title='bbox 1217 3200 1278 3283; x_wconf 91' lang='lat' dir='ltr'>Ill,</span> <span class='ocrx_word' id='word_1_249' title='bbox 1302 3199 1332 3282; x_wconf 80' lang='lat'>5,</span> <span class='ocrx_word' id='word_1_250' title='bbox 1400 3242 1402 3249; x_wconf 40' lang='grc' dir='ltr'><strong><em>ι</em></strong></span> 
     </span>
    </p>

    <p class='ocr_par' dir='ltr' id='par_1_23' title="bbox 152 3303 1336 3389">
     <span class='ocr_line' id='line_1_30' title="bbox 152 3303 1336 3389; baseline 0.002 -24"><span class='ocrx_word' id='word_1_251' title='bbox 152 3303 191 3366; x_wconf 75' lang='grc'>12</span> <span class='ocrx_word' id='word_1_252' title='bbox 214 3323 282 3385; x_wconf 89' lang='lat' dir='ltr'>,nec</span> <span class='ocrx_word' id='word_1_253' title='bbox 313 3320 367 3368; x_wconf 86' lang='lat' dir='ltr'>cor</span> <span class='ocrx_word' id='word_1_254' title='bbox 395 3304 574 3371; x_wconf 90' lang='lat' dir='ltr'>sollicitant</span> <span class='ocrx_word' id='word_1_255' title='bbox 603 3306 691 3371; x_wconf 85' lang='lat' dir='ltr'>facta</span> <span class='ocrx_word' id='word_1_256' title='bbox 719 3307 863 3372; x_wconf 82' lang='lat' dir='ltr'>nefanda</span> <span class='ocrx_word' id='word_1_257' title='bbox 891 3307 1023 3388; x_wconf 87' lang='lat' dir='ltr'>meum‘,</span> <span class='ocrx_word' id='word_1_258' title='bbox 1055 3312 1226 3389; x_wconf 86' lang='lat' dir='ltr'>excerptor</span> <span class='ocrx_word' id='word_1_259' title='bbox 1256 3323 1336 3369; x_wconf 81' lang='lat' dir='ltr'>vero</span> 
     </span>
    </p>

    <p class='ocr_par' dir='ltr' id='par_1_24' title="bbox 150 3407 1334 3494">
     <span class='ocr_line' id='line_1_31' title="bbox 150 3407 1334 3494; baseline 0.001 -25"><span class='ocrx_word' id='word_1_260' title='bbox 150 3413 185 3470; x_wconf 87' lang='lat' dir='ltr'>ut</span> <span class='ocrx_word' id='word_1_261' title='bbox 207 3407 292 3486; x_wconf 94' lang='lat' dir='ltr'>quod</span> <span class='ocrx_word' id='word_1_262' title='bbox 317 3407 357 3471; x_wconf 90' lang='lat' dir='ltr'>de</span> <span class='ocrx_word' id='word_1_263' title='bbox 381 3428 444 3472; x_wconf 91' lang='lat' dir='ltr'>uno</span> <span class='ocrx_word' id='word_1_264' title='bbox 474 3428 509 3474; x_wconf 88' lang='lat' dir='ltr'>se</span> <span class='ocrx_word' id='word_1_265' title='bbox 532 3410 661 3476; x_wconf 89' lang='lat' dir='ltr'>dixerat</span> <span class='ocrx_word' id='word_1_266' title='bbox 683 3418 781 3494; x_wconf 88' lang='lat' dir='ltr'>poeta</span> <span class='ocrx_word' id='word_1_267' title='bbox 810 3413 854 3478; x_wconf 91' lang='lat' dir='ltr'>ad</span> <span class='ocrx_word' id='word_1_268' title='bbox 878 3432 989 3479; x_wconf 90' lang='lat' dir='ltr'>omnes</span> <span class='ocrx_word' id='word_1_269' title='bbox 1013 3410 1113 3477; x_wconf 90' lang='lat' dir='ltr'>cadat</span> <span class='ocrx_word' id='word_1_270' title='bbox 1141 3409 1188 3473; x_wconf 89' lang='lat' dir='ltr'>ita</span> <span class='ocrx_word' id='word_1_271' title='bbox 1210 3412 1334 3473; x_wconf 91' lang='lat' dir='ltr'>textum</span> 
     </span>
    </p>

    <p class='ocr_par' dir='ltr' id='par_1_25' title="bbox 150 3510 1334 3598">
     <span class='ocr_line' id='line_1_32' title="bbox 150 3510 1334 3598; baseline 0 -24"><span class='ocrx_word' id='word_1_272' title='bbox 150 3510 332 3576; x_wconf 88' lang='lat' dir='ltr'>immutavit</span> <span class='ocrx_word' id='word_1_273' title='bbox 355 3512 542 3591; x_wconf 89' lang='lat' dir='ltr'>,sollicitant</span> <span class='ocrx_word' id='word_1_274' title='bbox 564 3520 677 3598; x_wconf 90' lang='lat' dir='ltr'>pectus</span> <span class='ocrx_word' id='word_1_275' title='bbox 707 3515 794 3583; x_wconf 91' lang='lat' dir='ltr'>facta</span> <span class='ocrx_word' id='word_1_276' title='bbox 818 3517 964 3582; x_wconf 84' lang='lat' dir='ltr'>nefanda</span> <span class='ocrx_word' id='word_1_277' title='bbox 987 3510 1097 3598; x_wconf 82' lang='lat' dir='ltr'>reum‘,</span> <span class='ocrx_word' id='word_1_278' title='bbox 1129 3519 1160 3578; x_wconf 95' lang='lat' dir='ltr'>et</span> <span class='ocrx_word' id='word_1_279' title='bbox 1191 3511 1217 3576; x_wconf 89' lang='lat' dir='ltr'>si</span> <span class='ocrx_word' id='word_1_280' title='bbox 1240 3512 1334 3594; x_wconf 91' lang='lat' dir='ltr'>plura</span> 
     </span>
    </p>
   </div>
   <div class='ocr_carea' id='block_1_3' title="bbox 204 3805 1336 4141">
    <p class='ocr_par' dir='ltr' id='par_1_26' title="bbox 204 3805 841 3881">
     <span class='ocr_line' id='line_1_33' title="bbox 204 3805 841 3881; baseline 0.003 -19"><span class='ocrx_word' id='word_1_281' title='bbox 204 3805 233 3874; x_wconf 79' lang='lat'>²⁰)</span> <span class='ocrx_word' id='word_1_282' title='bbox 253 3806 287 3863; x_wconf 87' lang='lat' dir='ltr'>cf.</span> <span class='ocrx_word' id='word_1_283' title='bbox 306 3806 476 3864; x_wconf 87' lang='lat' dir='ltr'>Lachmanni</span> <span class='ocrx_word' id='word_1_284' title='bbox 494 3810 583 3880; x_wconf 85' lang='lat' dir='ltr'>praef.</span> <span class='ocrx_word' id='word_1_285' title='bbox 602 3814 639 3867; x_wconf 84' lang='lat' dir='ltr'>ad</span> <span class='ocrx_word' id='word_1_286' title='bbox 657 3811 719 3867; x_wconf 65' lang='lat' dir='ltr'>Tib,</span> <span class='ocrx_word' id='word_1_287' title='bbox 742 3828 770 3881; x_wconf 90' lang='lat' dir='ltr'>p.</span> <span class='ocrx_word' id='word_1_288' title='bbox 791 3811 841 3865; x_wconf 84' lang='lat' dir='ltr'>Vl.</span> 
     </span>
    </p>

    <p class='ocr_par' dir='ltr' id='par_1_27' title="bbox 204 3893 1336 4141">
     <span class='ocr_line' id='line_1_34' title="bbox 204 3893 1335 3968; baseline 0.004 -20"><span class='ocrx_word' id='word_1_289' title='bbox 204 3894 233 3960; x_wconf 69' lang='lat'>²¹)</span> <span class='ocrx_word' id='word_1_290' title='bbox 253 3893 275 3960; x_wconf 86' lang='lat'>1,</span> <span class='ocrx_word' id='word_1_291' title='bbox 295 3895 538 3964; x_wconf 77' lang='lat' dir='ltr'>1‚25:1,1,3r:</span> <span class='ocrx_word' id='word_1_292' title='bbox 565 3900 585 3967; x_wconf 86' lang='lat' dir='ltr'>l,</span> <span class='ocrx_word' id='word_1_293' title='bbox 604 3900 629 3968; x_wconf 89' lang='lat'>1,</span> <span class='ocrx_word' id='word_1_294' title='bbox 643 3899 681 3952; x_wconf 78' lang='lat' dir='ltr'>re</span> <span class='ocrx_word' id='word_1_295' title='bbox 700 3905 729 3953; x_wconf 78' lang='lat' dir='ltr'>ee</span> <span class='ocrx_word' id='word_1_296' title='bbox 746 3901 793 3953; x_wconf 78' lang='lat' dir='ltr'>ro:</span> <span class='ocrx_word' id='word_1_297' title='bbox 812 3899 834 3965; x_wconf 89' lang='lat'>1,</span> <span class='ocrx_word' id='word_1_298' title='bbox 855 3899 878 3961; x_wconf 90' lang='lat'>1,</span> <span class='ocrx_word' id='word_1_299' title='bbox 897 3897 946 3954; x_wconf 80' lang='lat' dir='ltr'>co:</span> <span class='ocrx_word' id='word_1_300' title='bbox 976 3897 997 3967; x_wconf 88' lang='lat'>1,</span> <span class='ocrx_word' id='word_1_301' title='bbox 1017 3899 1042 3965; x_wconf 81' lang='lat'>5,</span> <span class='ocrx_word' id='word_1_302' title='bbox 1061 3897 1181 3952; x_wconf 78' lang='lat' dir='ltr'>cr-oa:</span> <span class='ocrx_word' id='word_1_303' title='bbox 1204 3897 1225 3963; x_wconf 91' lang='lat'>1,</span> <span class='ocrx_word' id='word_1_304' title='bbox 1246 3899 1286 3967; x_wconf 85' lang='lat' dir='ltr'>ro,</span> <span class='ocrx_word' id='word_1_305' title='bbox 1306 3900 1335 3952; x_wconf 84' lang='lat' dir='ltr'>e:</span> 
     </span>
     <span class='ocr_line' id='line_1_35' title="bbox 252 3982 1336 4056; baseline 0.002 -20"><span class='ocrx_word' id='word_1_306' title='bbox 252 3982 274 4049; x_wconf 94' lang='grc' dir='ltr'>Ι,</span> <span class='ocrx_word' id='word_1_307' title='bbox 293 3983 335 4051; x_wconf 90' lang='grc'>10,</span> <span class='ocrx_word' id='word_1_308' title='bbox 354 3983 402 4039; x_wconf 78' lang='lat'>37:</span> <span class='ocrx_word' id='word_1_309' title='bbox 420 3985 441 4051; x_wconf 91' lang='lat'>1,</span> <span class='ocrx_word' id='word_1_310' title='bbox 461 3988 503 4054; x_wconf 92' lang='lat'>10,</span> <span class='ocrx_word' id='word_1_311' title='bbox 520 3987 568 4042; x_wconf 81' lang='lat'>49:</span> <span class='ocrx_word' id='word_1_312' title='bbox 587 3987 622 4055; x_wconf 94' lang='grc' dir='ltr'>ΙΙ,</span> <span class='ocrx_word' id='word_1_313' title='bbox 640 3988 665 4056; x_wconf 90' lang='lat'>3,</span> <span class='ocrx_word' id='word_1_314' title='bbox 683 3988 733 4042; x_wconf 85' lang='lat'>35:</span> <span class='ocrx_word' id='word_1_315' title='bbox 752 3986 787 4053; x_wconf 93' lang='grc' dir='ltr'>ΙΙ,</span> <span class='ocrx_word' id='word_1_316' title='bbox 805 3986 831 4053; x_wconf 88' lang='lat'>3,</span> <span class='ocrx_word' id='word_1_317' title='bbox 849 3986 896 4041; x_wconf 87' lang='lat'>38:</span> <span class='ocrx_word' id='word_1_318' title='bbox 920 3985 955 4053; x_wconf 93' lang='grc' dir='ltr'>ΙΙ,</span> <span class='ocrx_word' id='word_1_319' title='bbox 974 3986 999 4052; x_wconf 85' lang='grc'>3,</span> <span class='ocrx_word' id='word_1_320' title='bbox 1017 3984 1065 4040; x_wconf 80' lang='grc' dir='ltr'>4οε</span> <span class='ocrx_word' id='word_1_321' title='bbox 1085 3985 1119 4054; x_wconf 90' lang='grc' dir='ltr'>ΙΙ,</span> <span class='ocrx_word' id='word_1_322' title='bbox 1145 3985 1170 4048; x_wconf 82' lang='lat'>3,</span> <span class='ocrx_word' id='word_1_323' title='bbox 1188 3985 1236 4038; x_wconf 77' lang='lat'>42:</span> <span class='ocrx_word' id='word_1_324' title='bbox 1255 3983 1291 4052; x_wconf 94' lang='lat' dir='ltr'>Il,</span> <span class='ocrx_word' id='word_1_325' title='bbox 1310 3985 1336 4051; x_wconf 85' lang='lat'>3,</span> 
     </span>
     <span class='ocr_line' id='line_1_36' title="bbox 252 4070 640 4141; baseline 0.01 -18"><span class='ocrx_word' id='word_1_326' title='bbox 252 4070 300 4124; x_wconf 80' lang='lat'>47:</span> <span class='ocrx_word' id='word_1_327' title='bbox 320 4070 355 4137; x_wconf 94' lang='grc' dir='ltr'>ΙΙ,</span> <span class='ocrx_word' id='word_1_328' title='bbox 374 4073 398 4139; x_wconf 90' lang='grc'>6,</span> <span class='ocrx_word' id='word_1_329' title='bbox 419 4071 534 4141; x_wconf 84' lang='lat'>19:111,</span> <span class='ocrx_word' id='word_1_330' title='bbox 554 4074 579 4141; x_wconf 89' lang='grc'>3,</span> <span class='ocrx_word' id='word_1_331' title='bbox 598 4074 640 4127; x_wconf 78' lang='lat'>20.</span> 
     </span>
    </p>
   </div>
   <div class='ocr_carea' id='block_1_4' title="bbox 203 4150 1334 4254">
    <p class='ocr_par' dir='ltr' id='par_1_28' title="bbox 203 4150 1334 4254">
     <span class='ocr_line' id='line_1_37' title="bbox 203 4150 1334 4254; baseline 0.042 -45"><span class='ocrx_word' id='word_1_332' title='bbox 203 4159 233 4227; x_wconf 60' lang='grc' dir='ltr'>ΙΙ)</span> <span class='ocrx_word' id='word_1_333' title='bbox 252 4159 280 4212; x_wconf 92' lang='lat' dir='ltr'>in</span> <span class='ocrx_word' id='word_1_334' title='bbox 298 4159 413 4215; x_wconf 87' lang='lat' dir='ltr'>Tibullo</span> <span class='ocrx_word' id='word_1_335' title='bbox 432 4161 510 4219; x_wconf 90' lang='lat' dir='ltr'>edito</span> <span class='ocrx_word' id='word_1_336' title='bbox 529 4161 754 4220; x_wconf 80' lang='lat' dir='ltr'>Amstclaedami</span> <span class='ocrx_word' id='word_1_337' title='bbox 771 4160 858 4220; x_wconf 74' lang='lat' dir='ltr'>itus.</span> <span class='ocrx_word' id='word_1_338' title='bbox 950 4150 954 4159; x_wconf 44' lang='lat'><strong>¹</strong></span> <span class='ocrx_word' id='word_1_339' title='bbox 1269 4207 1297 4254; x_wconf 69' lang='lat' dir='ltr'>‘s</span> <span class='ocrx_word' id='word_1_340' title='bbox 1331 4217 1334 4221; x_wconf 88' lang='lat'>·</span> 
     </span>
    </p>
   </div>
   <div class='ocr_carea' id='block_1_5' title="bbox 0 0 1490 4500">
    <p class='ocr_par' dir='ltr' id='par_1_29' title="bbox 0 0 1490 4500">
     <span class='ocr_line' id='line_1_38' title="bbox 0 0 1490 4500; baseline 0 0"><span class='ocrx_word' id='word_1_341' title='bbox 0 0 1490 4500; x_wconf 95' lang='lat' dir='ltr'> </span> 
     </span>
    </p>
   </div>
  </div>
 </body>
</html>
