2948 4500
583 148 707 248 ,15

89 356 158 441 ipsi
179 363 274 423 erant
290 356 379 423 Galli
403 357 525 423 saeculi
541 358 585 423 IV
608 365 640 422 et
655 358 693 438 V,
717 357 781 421 iam
810 351 1175 438 1011111,11111111111111ι
1204 372 1278 417 con·

88 460 219 543 tendat,
242 482 306 527 non
322 462 499 545 abnuerim,
525 462 620 527 modo
634 462 682 527 eis
698 481 738 527 ne
755 461 909 526 abutatur
925 459 969 524 ad
988 457 1277 523 demonstrandam

25 552 33 565 ⁸
92 571 236 631 veterem
259 567 452 649 scripturam
476 567 622 635 latinam.

194 670 345 736 ceterum
368 670 503 736 ulterius
534 692 593 754 per
617 670 717 736 medii
742 670 815 735 aevi
839 668 976 734 saecula
999 668 1086 733 idem
1108 688 1227 733 nomen
1251 670 1278 734 si

89 768 328 857 persequimur,
352 772 384 837 in
408 773 602 857 Gregorium
619 775 843 840 Turonensem
866 772 987 838 sacculi
1007 771 1052 834 VI
1076 771 1278 856 scriptorem,

90 877 185 943 cuius
207 878 241 941 in
264 877 395 961 scriptis
420 877 551 944 deciens
583 878 700 943 fluvius
722 879 778 943 ille
804 883 1009 956 memoratur,
1032 875 1209 959 ,Garunna‘
1233 899 1280 944 re·

90 980 480 1065 repraest20).saeeu10
511 983 702 1064 insequente
734 983 853 1065 legitur
876 981 1008 1064 quidem
1032 980 1065 1044 in
1089 1001 1213 1047 canone
1239 983 1279 1049 dc
1383 1036 1386 1041 .
1462 936 1465 973 ἱ

93 1084 236 1151 concilio
250 1084 482 1168 Burdigalensi
508 1087 609 1169 (eirca
633 1088 696 1153 662
719 1108 751 1171 p.
775 1086 845 1170 Cb.)
869 1085 1036 1170 publicato
1060 1087 1279 1154 aPardesuso
1395 1126 1398 1133 ·

88 1190 235 1275 lI,pag.
261 1188 416 1271 1191111)
439 1190 643 1274 ,Garumna‘,
668 1191 728 1256 sed
750 1190 812 1256 hoc
835 1190 901 1256 noli
924 1190 1194 1274 praetermittere,
1227 1213 1280 1258 ex·

88 1312 243 1379 pressam
265 1312 338 1359 esse
362 1293 509 1358 chartam
532 1313 550 1358 e
574 1294 698 1360 codicis
721 1294 846 1376 antiqui
869 1292 1062 1377 apographo
1085 1295 1130 1360 ad
1153 1296 1280 1363 Baluzi-

89 1418 147 1463 um
169 1397 287 1482 misso,
311 1398 398 1481 quod
427 1397 569 1464 minume
598 1405 748 1464 accurate
788 1398 1002 1482 perscriptum
1039 1417 1112 1464 esse
1142 1401 1281 1468 adnotat

93 1501 291 1569 Parderrus.
335 1504 494 1585 Optumus
524 1523 601 1569 vero
625 1503 766 1568 usitatae
790 1502 822 1567 in
847 1501 958 1568 Gallia
981 1501 1159 1583 ,Garunna‘
1183 1505 1281 1588 scrip-

88 1612 185 1672 turae
202 1606 295 1673 testis
310 1605 440 1671 ridetur
464 1607 531 1672 alia
552 1608 667 1693 charta
684 1607 770 1691 apud
789 1607 1008 1672 Pardesusum
1024 1606 1057 1669 II
1073 1627 1151 1691 pag.
1169 1609 1280 1675 184ss

91 1730 166 1775 enm
189 1710 276 1801 enim
297 1709 390 1776 initio
407 1712 477 1777 eins
494 1711 544 1777 bis
559 1712 689 1794 legatur
705 1711 905 1795 ,Garumna‘,
928 1718 1044 1794 postea
1061 1718 1110 1776 ter
1125 1711 1282 1792 ,Garona‘

89 1814 196 1898 (quod
223 1832 340 1899 parum
372 1815 495 1881 distare
525 1836 546 1880 a
569 1815 746 1900 ,Garonna‘
769 1814 892 1897 liquet),
925 1835 996 1879 eum
1020 1814 1075 1895 qui
1108 1813 1281 1900 descripsit

88 1918 145 1983 vel
174 1918 229 2002 qui
258 1917 364 1986 edidit
385 1920 489 2003 primo
518 1919 689 2004 archetypi
712 1918 925 2001 ,Garcnnam‘
954 1918 1006 1984 rel
1029 1918 1218 2000 ‚Garonam‘
1247 1921 1281 1986 in

90 2020 262 2105 uolgarem
292 2030 435 2089 mutasse
463 2023 683 2105 ,Garumnam‘
711 2023 858 2108 sormam,
881 2022 1000 2088 deinde
1030 2043 1108 2088 vero
1130 2044 1201 2088 cum
1225 2024 1282 2090 ite-

89 2147 163 2193 rum
189 2125 369 2211 iterumque
394 2128 516 2194 eisdem
540 2128 658 2194 litteris
680 2127 895 2213 perscriptam
918 2126 1055 2210 videret,
1079 2128 1283 2212 obstupefac·
1391 2188 1394 2193 .
1458 2134 1465 2233 j

93 2238 165 2296 turn
189 2232 383 2315 corrigendo
399 2232 598 2299 abstinuisse
620 2233 653 2298 in
677 2240 791 2316 aperto
816 2238 874 2299 est.
920 2232 1058 2296 annates
1082 2231 1113 2298 S.
1139 2233 1282 2298 Amandi

62 2407 69 2424 ,
95 2340 175 2400 ante
197 2354 283 2404 saec.
307 2336 387 2401 VIII
414 2337 589 2421 conscripti
612 2344 644 2402 et
666 2336 840 2402 Petaviani
875 2334 929 2417 qui
953 2335 1052 2420 paulo
1069 2337 1281 2403 recentiorem

91 2436 241 2505 referunt
270 2440 427 2524 originem
436 2440 475 2523 22)
500 2462 521 2506 a
544 2441 684 2508 Chesnio
710 2441 799 2522 editi,
824 2440 990 2505 aPertzio
1006 2439 1137 2524 repetiti
1159 2440 1192 2505 in
1216 2441 1282 2507 Mo-

92 2543 256 2609 numentis
282 2543 478 2610 Germaniae
501 2545 711 2630 ,Garunnam‘
734 2545 887 2611 exhibent
911 2543 961 2629 (cf.
986 2543 1091 2608 Perta.
1114 2543 1135 2608 I.
1160 2564 1184 2610 c.
1202 2546 1226 2628 I,
1251 2566 1282 2628 p.

97 2646 139 2711 12
165 2654 198 2713 et
221 2648 285 2732 13).
309 2649 445 2715 eandem
468 2649 605 2714 formam
629 2657 742 2717 tenent
757 2649 880 2716 saeculi
904 2649 1012 2714 octavi
1037 2648 1176 2715 annales
1200 2650 1283 2714 Lau-

93 2749 253 2819 riesenses
276 2759 309 2818 et
332 2752 491 2818 Einhardi
516 2753 619 2819 tribus
642 2754 723 2819 Iocis
748 2755 868 2839 (Perta.
897 2754 917 2818 1.
946 2774 973 2818 c.
1002 2754 1026 2836 I,
1056 2774 1087 2837 p.
1114 2754 1183 2836 144,
1210 2755 1282 2835 146,

96 2854 173 2939 141)
201 2857 257 2923 ubi
280 2877 392 2923 omnes
423 2858 614 2942 conspirant
637 2859 770 2924 codices
802 2865 939 2942 excepto
963 2878 1026 2923 uno
1050 2857 1200 2921 Parisino
1226 2859 1280 2939 qui
1330 2874 1333 2879 ·

94 2960 196 3025 semel
225 2960 421 3045 ,Garcnam‘,
451 2968 483 3026 et
514 2982 577 3028 nno
601 2964 843 3029 Hannoverano
867 2963 920 3045 qui
945 2962 1044 3028 semel
1067 2960 1282 3046 ,Garongam‘

94 3064 242 3149 praebet.
282 3065 348 3131 iam
376 3065 541 3132 saeculum
573 3067 622 3132 IX
645 3068 784 3150 ingressi
812 3066 1024 3150 ,Garunnam‘
1059 3067 1196 3150 legimus
1219 3067 1283 3151 pri·

150 3428 183 3497 ²⁰)
201 3429 356 3499 exemplari
366 3432 465 3486 utebar
476 3447 510 3486 eo
522 3431 597 3501 quod
607 3431 729 3501 Mignius
739 3432 847 3488 curavit
858 3434 884 3487 iu
901 3431 1082 3502 patrologiae
1101 3437 1178 3487 tomo
1188 3431 1281 3487 LXXI

202 3516 342 3586 (Lutetiae
363 3518 451 3585 1849).
480 3519 516 3573 de
536 3519 683 3574 codicibus
706 3520 894 3588 ,venerandae
913 3518 1101 3587 antiquitatis‘
1124 3518 1160 3573 cf.
1179 3519 1283 3577 ibidem

198 3602 288 3673 praef.
306 3622 333 3674 p.
353 3607 395 3660 91.

150 3690 183 3757 ²¹)
202 3690 380 3761 DIplcmata,
404 3692 527 3756 chartae.
552 3691 701 3763 epistolae,
720 3695 799 3761 leges
817 3692 861 3747 ed.
880 3692 1043 3747 Pardessus.
1081 3692 1154 3748 Voll.
1174 3693 1199 3746 II
1220 3696 1283 3762 (Lu-

198 3779 287 3834 tetiae
306 3778 368 3833 Par.
388 3779 476 3845 1849).
513 3779 586 3833 hunc
605 3781 704 3836 librum
722 3780 883 3848 stmilesque
908 3785 940 3834 ut
963 3778 991 3832 in
1009 3794 1099 3834 meum
1118 3796 1197 3834 usum
1216 3798 1281 3850 pos·

199 3880 258 3921 sem
275 3872 449 3933 convertere,
468 3883 513 3920 vv.
532 3866 569 3920 ill.
591 3867 712 3921 Hirschb
738 3870 769 3922 et
792 3865 885 3920 Caroli
910 3866 946 3920 de
972 3866 1116 3923 Noordeni
1142 3866 1282 3925 beneficio

202 3952 342 4022 contigit,
370 3952 473 4022 quibus
500 3953 610 4022 gratias
630 3969 709 4022 quarn
729 3969 868 4008 maxumas
887 3952 942 4006 hoc
960 3953 1026 4008 loco
1045 3952 1172 4021 profiteri
1190 3954 1283 4011 liceat.

149 4041 182 4110 ²²)
201 4040 238 4095 cf.
267 4041 475 4107 Wattenbach,
505 4041 707 4097 deutschlauds
740 4040 1016 4110 geschichtsquellen
1048 4043 1084 4095 im
1119 4042 1282 4099 mittelalter

174 4120 180 4129 '
200 4127 307 4197 (Berlin
327 4128 404 4196 18116)
421 4144 449 4197 p.
472 4129 529 4185 101.
