2948 4500
244 1309 448 1412 Publieavit
479 1366 579 1429 nuper
611 1346 644 1410 iu
673 1345 845 1430 Philologo
876 1349 921 1428 (a.
946 1347 1046 1426 1868,
1075 1344 1214 1428 XXVII,
1248 1364 1324 1429 pag.

142 1460 324 1542 roa-rot)
348 1459 522 1523 Edriardus
547 1457 749 1523 Woelfflinus
780 1465 937 1542 excerpta
959 1456 1149 1521 Tibulliana
1173 1477 1190 1521 e
1214 1456 1325 1521 codiee

139 1544 564 1647 Parisiio‚N0t1·o-Da1ne
600 1564 672 1628 188‘
701 1562 825 1627 saeeuli
851 1562 950 1646 XIII,
981 1581 1065 1644 quae
1096 1567 1205 1626 aetate
1237 1567 1327 1626 vetu-

142 1668 245 1734 stiora
268 1687 363 1748 quam
392 1666 521 1731 oodiees
544 1665 646 1730 nostri
673 1685 785 1730 omnes
808 1666 842 1730 in
865 1672 957 1731 textu
981 1671 1099 1749 poetae
1124 1664 1326 1730 restituendo

141 1793 163 1836 a
185 1771 273 1836 nullo
304 1770 378 1835 dum
408 1769 557 1834 adhibita
586 1777 670 1835 sunt.
715 1789 786 1833 eum
815 1769 865 1834 vir
892 1769 1006 1834 doetus
1030 1769 1086 1834 ille
1109 1789 1173 1833 non
1197 1788 1328 1833 aeoura·

142 1875 207 1940 tius
237 1875 319 1940 haee
350 1881 504 1957 excerpta
535 1873 786 1957 examinaverit,
821 1873 892 1957 ipse
921 1893 985 1938 uon
1017 1873 1152 1955 ignarus
1185 1879 1327 1955 quantae
1423 1942 1427 1947 ,

142 1979 292 2045 utilitatis
321 1978 461 2061 diligens
492 1998 601 2042 eornm
632 1976 817 2059 disquisitio
856 1977 889 2041 in
930 1977 1005 2042 erisi
1036 1976 1225 2042 Tibullianu
1256 1997 1328 2043 esse

142 2089 264 2170 posset,
288 2102 326 2147 eo
350 2081 504 2147 libentius
527 2080 588 2145 boe
615 2101 730 2146 munus
762 2080 990 2164 adgrediebar,
1016 2101 1078 2163 quo
1107 2080 1329 2147 vehementius

144 2187 339 2254 suavissima
355 2185 476 2251 Tibulli
496 2185 642 2249 earmina
658 2191 706 2249 tot
728 2184 817 2250 vitiis
839 2185 1011 2267 inquinata
1034 2184 1141 2250 iacere
1166 2185 1328 2251 dolebam.

144 2282 215 2357 oum
239 2311 315 2356 vero
338 2289 560 2371 intellegerem
586 2294 708 2352 eertum
733 2288 888 2353 iudicium
919 2288 960 2353 de
984 2289 1097 2354 borum
1120 2287 1329 2354 flosculorum

143 2394 288 2460 bonitate
305 2400 336 2459 et
359 2393 423 2458 fide
446 2392 515 2458 fieri
538 2413 601 2456 non
625 2412 723 2475 posse
747 2392 809 2458 nisi
834 2392 986 2476 omnium,
1011 2413 1095 2475 quae
1118 2393 1248 2474 quidem
1272 2394 1330 2458 ad·

144 2500 206 2566 buo
221 2506 298 2563 nota
315 2503 398 2580 sunt,
422 2503 646 2581 exeerptorum
662 2497 788 2562 ratione
808 2496 931 2580 babila,
955 2517 1020 2560 non
1045 2497 1148 2563 solum
1164 2498 1329 2564 Vincentii

144 2601 388 2668 Bellovaeensis
418 2608 451 2666 et
480 2601 641 2683 Scaligeri
672 2603 804 2683 eclogas
836 2601 894 2666 sed
926 2601 1024 2666 etiam
1055 2602 1178 2667 codreis
1208 2602 1330 2668 Frisin-

143 2706 254 2790 gensis
273 2713 426 2790 excerpta
443 2705 640 2786 Tibulliana,
665 2725 800 2788 quorum
823 2704 1096 2789 inspiciendorum
1114 2706 1330 2772 Buechelerus

144 2811 269 2893 copiam
303 2810 380 2874 mibi
410 2808 532 2874 seoerat
567 2809 865 2892 exoptatissimam,
904 2808 1079 2892 diligenter
1113 2810 1330 2875 excutiebam.

144 2914 173 2978 is
204 2913 287 2979 enim
317 2932 442 2978 summa
471 2933 550 2994 erga
578 2931 628 2976 me
659 2912 888 2977 benevolentia
918 2932 989 2977 eum
1021 2913 1054 2977 iu
1087 2914 1162 2979 aliis
1192 2913 1330 2980 consilio

144 3038 203 3084 suo
235 3038 286 3083 me
315 3016 443 3082 adiuvit
473 3023 539 3081 tum
570 3017 613 3081 ab
636 3016 757 3080 Halmii
784 3037 813 3080 v.
838 3016 884 3082 ill.
907 3016 1107 3082 liberalitate
1137 3017 1331 3102 impetravit,

144 3130 179 3187 ut
210 3122 242 3186 in
275 3141 366 3187 meas
396 3141 510 3186 manus
540 3120 726 3204 perveniret
756 3121 885 3187 illorum
917 3121 1040 3186 Tibulli
1075 3121 1330 3205 fragmentorum

144 3225 360 3310 apographon
376 3225 496 3290 fautum
513 3247 534 3289 a
550 3225 635 3291 Guil.
658 3224 800 3310 Meyero,
826 3225 876 3290 eui
900 3231 935 3289 ut
957 3226 1099 3308 gratiam
1122 3225 1216 3291 huius
1233 3224 1331 3291 osfioii

144 3330 323 3412 aliquando
347 3329 468 3394 referre
484 3329 608 3414 possim
632 3350 751 3412 magno
768 3349 865 3413 opere
888 3336 974 3413 opto,
998 3336 1031 3395 et
1055 3330 1185 3413 quidem
1209 3327 1331 3392 Halmii

144 3433 263 3499 iudicio
293 3434 414 3499 factum
445 3431 700 3498 aeeuratissime.
745 3440 778 3498 et
808 3433 959 3515 quoniam
995 3433 1077 3499 haee
1113 3434 1280 3517 excerptio
1313 3453 1333 3496 a

144 3539 233 3604 nullo
250 3545 347 3603 antea
362 3557 467 3620 neque
491 3537 582 3603 edita
605 3556 710 3619 neque
733 3537 814 3603 satis
838 3537 1002 3603 illustrata
1025 3543 1106 3620 erat,
1131 3544 1163 3602 et
1187 3536 1333 3611 editurus

145 3665 233 3709 eram
248 3643 411 3726 integram
428 3648 460 3707 et
475 3642 516 3706 de
537 3641 741 3724 praestantia
764 3642 832 3707 eius
856 3661 897 3706 ao
918 3640 983 3704 fide
1006 3659 1111 3705 meam
1136 3641 1333 3706 sententiam

146 3746 350 3830 explicabam
382 3754 413 3812 et
442 3745 589 3829 singulas
621 3744 777 3829 deineeps
809 3745 988 3828 scripturas
1011 3744 1229 3811 illustrabam.
1275 3746 1333 3811 sed

146 3857 283 3916 exeunte
311 3871 398 3916 anno
429 3849 607 3935 praeterito
638 3869 710 3914 eum
734 3848 959 3944 dissertationi
985 3848 1061 3914 buie
1084 3850 1180 3915 finem
1203 3849 1335 3934 imposi-

145 3960 235 4020 turus
258 3975 362 4040 eram,
394 3953 434 4020 de
458 3953 704 4038 Frisigensibus
727 3953 891 4037 exeerptis
916 3953 1114 4018 Tibullienis
1138 3962 1334 4020 commenta·
1373 4037 1377 4045 ι

145 4057 265 4125 tionem
294 4059 429 4125 Lueiani
453 4059 598 4125 Muelleri
628 4059 688 4125 sub
717 4059 809 4143 prelo
834 4058 958 4124 versari
983 4060 1149 4142 comperi„
1175 4078 1248 4137 sua
1263 4078 1340 4150 ses·

1211 4174 1237 4222 x

219 4233 227 4274 l

215 4283 224 4327 ,Ι

203 4334 216 4390 r'
362 4386 366 4389 .
621 4329 929 4394 OQMIO‘]
