<?xml version="1.0" encoding="UTF-8"?>
<!DOCTYPE html PUBLIC "-//W3C//DTD XHTML 1.0 Transitional//EN"
    "http://www.w3.org/TR/xhtml1/DTD/xhtml1-transitional.dtd">
<html xmlns="http://www.w3.org/1999/xhtml" xml:lang="en" lang="en">
 <head>
  <title>
</title>
<meta http-equiv="Content-Type" content="text/html;charset=utf-8" />
  <meta name='ocr-system' content='tesseract 3.04.00' />
  <meta name='ocr-capabilities' content='ocr_page ocr_carea ocr_par ocr_line ocrx_word'/>
</head>
<body>
  <div class='ocr_page' id='page_1' title='image "./deexcerptistibv01protgoog_0012.png"; bbox 0 0 2948 4500; ppageno 0'>
   <div class='ocr_carea' id='block_1_1' title="bbox 101 357 1332 3991">
    <p class='ocr_par' dir='ltr' id='par_1_1' title="bbox 101 357 1332 3991">
     <span class='ocr_line' id='line_1_1' title="bbox 145 357 1332 441; baseline -0.001 -18"><span class='ocrx_word' id='word_1_1' title='bbox 145 376 345 441; x_wconf 84' lang='lat' dir='ltr'>quamquam</span> <span class='ocrx_word' id='word_1_2' title='bbox 368 358 493 424; x_wconf 87' lang='lat' dir='ltr'>librarii</span> <span class='ocrx_word' id='word_1_3' title='bbox 525 359 713 441; x_wconf 77' lang='lat' dir='ltr'>ignorantia</span> <span class='ocrx_word' id='word_1_4' title='bbox 738 381 801 424; x_wconf 91' lang='lat' dir='ltr'>non</span> <span class='ocrx_word' id='word_1_5' title='bbox 825 360 926 424; x_wconf 84' lang='lat' dir='ltr'>solum</span> <span class='ocrx_word' id='word_1_6' title='bbox 950 358 1050 424; x_wconf 85' lang='lat' dir='ltr'>rerba</span> <span class='ocrx_word' id='word_1_7' title='bbox 1075 357 1204 441; x_wconf 85' lang='lat' dir='ltr'>saepius</span> <span class='ocrx_word' id='word_1_8' title='bbox 1229 358 1332 424; x_wconf 82' lang='lat' dir='ltr'>defor-</span> 
     </span>
     <span class='ocr_line' id='line_1_2' title="bbox 143 463 1332 547; baseline -0.002 -20"><span class='ocrx_word' id='word_1_9' title='bbox 143 463 249 528; x_wconf 82' lang='lat' dir='ltr'><strong>mavit</strong></span> <span class='ocrx_word' id='word_1_10' title='bbox 271 464 329 528; x_wconf 92' lang='lat' dir='ltr'>scd</span> <span class='ocrx_word' id='word_1_11' title='bbox 353 464 450 529; x_wconf 87' lang='lat' dir='ltr'>etiam</span> <span class='ocrx_word' id='word_1_12' title='bbox 477 463 601 529; x_wconf 88' lang='lat' dir='ltr'>ordinis</span> <span class='ocrx_word' id='word_1_13' title='bbox 624 464 745 528; x_wconf 87' lang='lat' dir='ltr'>turbati</span> <span class='ocrx_word' id='word_1_14' title='bbox 769 464 949 547; x_wconf 83' lang='lat' dir='ltr'>praecipua</span> <span class='ocrx_word' id='word_1_15' title='bbox 977 464 1076 528; x_wconf 89' lang='lat' dir='ltr'>t&#39;uissc</span> <span class='ocrx_word' id='word_1_16' title='bbox 1101 483 1220 527; x_wconf 80' lang='lat' dir='ltr'>caussa</span> <span class='ocrx_word' id='word_1_17' title='bbox 1243 463 1332 527; x_wconf 89' lang='lat' dir='ltr'>vidc-</span> 
     </span>
     <span class='ocr_line' id='line_1_3' title="bbox 143 567 1331 652; baseline -0.003 -20"><span class='ocrx_word' id='word_1_18' title='bbox 143 574 207 633; x_wconf 90' lang='lat' dir='ltr'>tur.</span> <span class='ocrx_word' id='word_1_19' title='bbox 258 568 468 652; x_wconf 88' lang='lat' dir='ltr'>praeeipuam</span> <span class='ocrx_word' id='word_1_20' title='bbox 500 569 588 650; x_wconf 89' lang='lat' dir='ltr'>dico,</span> <span class='ocrx_word' id='word_1_21' title='bbox 623 588 698 632; x_wconf 90' lang='lat' dir='ltr'>uam</span> <span class='ocrx_word' id='word_1_22' title='bbox 728 568 810 633; x_wconf 88' lang='lat' dir='ltr'>duas</span> <span class='ocrx_word' id='word_1_23' title='bbox 840 568 990 650; x_wconf 88' lang='lat' dir='ltr'>equidem</span> <span class='ocrx_word' id='word_1_24' title='bbox 1026 568 1175 652; x_wconf 88' lang='lat' dir='ltr'>suspicor</span> <span class='ocrx_word' id='word_1_25' title='bbox 1209 567 1331 650; x_wconf 83' lang='lat' dir='ltr'>dirupti</span> 
     </span>
     <span class='ocr_line' id='line_1_4' title="bbox 144 672 1330 757; baseline -0.003 -19"><span class='ocrx_word' id='word_1_26' title='bbox 144 672 270 739; x_wconf 88' lang='lat' dir='ltr'>ordinis</span> <span class='ocrx_word' id='word_1_27' title='bbox 302 673 335 737; x_wconf 89' lang='lat' dir='ltr'>in</span> <span class='ocrx_word' id='word_1_28' title='bbox 365 674 527 757; x_wconf 85' lang='lat' dir='ltr'>excerptis</span> <span class='ocrx_word' id='word_1_29' title='bbox 563 673 683 738; x_wconf 89' lang='lat' dir='ltr'>nostris</span> <span class='ocrx_word' id='word_1_30' title='bbox 707 692 779 737; x_wconf 88' lang='lat' dir='ltr'>esse</span> <span class='ocrx_word' id='word_1_31' title='bbox 807 692 942 737; x_wconf 85' lang='lat' dir='ltr'>caussas</span> <span class='ocrx_word' id='word_1_32' title='bbox 974 692 1076 753; x_wconf 87' lang='lat' dir='ltr'>neque</span> <span class='ocrx_word' id='word_1_33' title='bbox 1100 672 1256 737; x_wconf 86' lang='lat' dir='ltr'>llluellcro</span> <span class='ocrx_word' id='word_1_34' title='bbox 1280 690 1330 735; x_wconf 92' lang='lat' dir='ltr'>as·</span> 
     </span>
     <span class='ocr_line' id='line_1_5' title="bbox 144 775 1330 861; baseline -0.003 -18"><span class='ocrx_word' id='word_1_35' title='bbox 144 776 285 859; x_wconf 86' lang='lat' dir='ltr'>sentior,</span> <span class='ocrx_word' id='word_1_36' title='bbox 320 777 409 861; x_wconf 89' lang='lat' dir='ltr'>apud</span> <span class='ocrx_word' id='word_1_37' title='bbox 444 797 538 859; x_wconf 85' lang='lat' dir='ltr'>quem</span> <span class='ocrx_word' id='word_1_38' title='bbox 568 777 608 842; x_wconf 91' lang='lat' dir='ltr'>de</span> <span class='ocrx_word' id='word_1_39' title='bbox 642 777 704 841; x_wconf 89' lang='lat' dir='ltr'>bac</span> <span class='ocrx_word' id='word_1_40' title='bbox 733 797 767 841; x_wconf 86' lang='lat' dir='ltr'>rc</span> <span class='ocrx_word' id='word_1_41' title='bbox 796 778 817 840; x_wconf 93' lang='lat' dir='ltr'>l.</span> <span class='ocrx_word' id='word_1_42' title='bbox 845 797 871 842; x_wconf 92' lang='lat' dir='ltr'>c.</span> <span class='ocrx_word' id='word_1_43' title='bbox 902 797 978 860; x_wconf 84' lang='lat' dir='ltr'>pag.</span> <span class='ocrx_word' id='word_1_44' title='bbox 1010 778 1052 840; x_wconf 80' lang='lat' dir='ltr'>to</span> <span class='ocrx_word' id='word_1_45' title='bbox 1086 775 1166 841; x_wconf 91' lang='lat' dir='ltr'>haec</span> <span class='ocrx_word' id='word_1_46' title='bbox 1199 775 1330 840; x_wconf 89' lang='lat' dir='ltr'>invenio</span> 
     </span>
     <span class='ocr_line' id='line_1_6' title="bbox 145 879 1329 965; baseline -0.002 -19"><span class='ocrx_word' id='word_1_47' title='bbox 145 880 285 965; x_wconf 83' lang='lat' dir='ltr'>scripta:</span> <span class='ocrx_word' id='word_1_48' title='bbox 318 882 416 960; x_wconf 79' lang='lat' dir='ltr'>,dart</span> <span class='ocrx_word' id='word_1_49' title='bbox 444 882 495 947; x_wconf 91' lang='lat' dir='ltr'>ich</span> <span class='ocrx_word' id='word_1_50' title='bbox 526 882 631 947; x_wconf 91' lang='lat' dir='ltr'>meine</span> <span class='ocrx_word' id='word_1_51' title='bbox 654 882 808 963; x_wconf 86' lang='lat' dir='ltr'>meinung</span> <span class='ocrx_word' id='word_1_52' title='bbox 832 881 917 947; x_wconf 88' lang='lat' dir='ltr'>offen</span> <span class='ocrx_word' id='word_1_53' title='bbox 945 900 1058 963; x_wconf 81' lang='lat' dir='ltr'>sagon,</span> <span class='ocrx_word' id='word_1_54' title='bbox 1086 900 1122 945; x_wconf 90' lang='lat' dir='ltr'>so</span> <span class='ocrx_word' id='word_1_55' title='bbox 1152 879 1329 945; x_wconf 89' lang='lat' dir='ltr'>eutbehrcu</span> 
     </span>
     <span class='ocr_line' id='line_1_7' title="bbox 144 983 1330 1071; baseline -0.002 -21"><span class='ocrx_word' id='word_1_56' title='bbox 144 984 194 1051; x_wconf 88' lang='lat' dir='ltr'>sie</span> <span class='ocrx_word' id='word_1_57' title='bbox 223 985 426 1068; x_wconf 73' lang='lat' dir='ltr'>vollstandig</span> <span class='ocrx_word' id='word_1_58' title='bbox 452 986 548 1071; x_wconf 86' lang='lat' dir='ltr'>jedes</span> <span class='ocrx_word' id='word_1_59' title='bbox 586 985 748 1069; x_wconf 77' lang='lat' dir='ltr'>priucipS,</span> <span class='ocrx_word' id='word_1_60' title='bbox 784 985 848 1050; x_wconf 92' lang='lat' dir='ltr'>und</span> <span class='ocrx_word' id='word_1_61' title='bbox 885 984 938 1049; x_wconf 90' lang='lat' dir='ltr'>die</span> <span class='ocrx_word' id='word_1_62' title='bbox 976 984 1170 1066; x_wconf 89' lang='lat' dir='ltr'>nnordnuug</span> <span class='ocrx_word' id='word_1_63' title='bbox 1203 984 1235 1048; x_wconf 90' lang='lat' dir='ltr'>iu</span> <span class='ocrx_word' id='word_1_64' title='bbox 1272 983 1330 1048; x_wconf 90' lang='lat' dir='ltr'>der</span> 
     </span>
     <span class='ocr_line' id='line_1_8' title="bbox 144 1088 1329 1173; baseline -0.003 -20"><span class='ocrx_word' id='word_1_65' title='bbox 144 1089 346 1173; x_wconf 87' lang='lat' dir='ltr'>reiheufolge</span> <span class='ocrx_word' id='word_1_66' title='bbox 375 1089 467 1155; x_wconf 84' lang='lat' dir='ltr'>rtlhrt</span> <span class='ocrx_word' id='word_1_67' title='bbox 496 1090 624 1154; x_wconf 89' lang='lat' dir='ltr'>eiufaeh</span> <span class='ocrx_word' id='word_1_68' title='bbox 648 1089 765 1170; x_wconf 90' lang='lat' dir='ltr'>daher,</span> <span class='ocrx_word' id='word_1_69' title='bbox 798 1090 877 1154; x_wconf 87' lang='lat' dir='ltr'>dass</span> <span class='ocrx_word' id='word_1_70' title='bbox 908 1088 960 1152; x_wconf 90' lang='lat' dir='ltr'>die</span> <span class='ocrx_word' id='word_1_71' title='bbox 988 1088 1193 1171; x_wconf 88' lang='lat' dir='ltr'>redactoren,</span> <span class='ocrx_word' id='word_1_72' title='bbox 1225 1088 1329 1152; x_wconf 91' lang='lat' dir='ltr'>denen</span> 
     </span>
     <span class='ocr_line' id='line_1_9' title="bbox 145 1191 1330 1275; baseline -0.003 -16"><span class='ocrx_word' id='word_1_73' title='bbox 145 1193 218 1259; x_wconf 88' lang='lat' dir='ltr'>eine</span> <span class='ocrx_word' id='word_1_74' title='bbox 247 1192 451 1258; x_wconf 87' lang='lat' dir='ltr'>handschrift</span> <span class='ocrx_word' id='word_1_75' title='bbox 481 1195 539 1259; x_wconf 90' lang='lat' dir='ltr'>des</span> <span class='ocrx_word' id='word_1_76' title='bbox 563 1194 671 1259; x_wconf 82' lang='lat' dir='ltr'>Tibull</span> <span class='ocrx_word' id='word_1_77' title='bbox 704 1193 782 1258; x_wconf 90' lang='lat' dir='ltr'>oder</span> <span class='ocrx_word' id='word_1_78' title='bbox 812 1191 1046 1275; x_wconf 88' lang='lat' dir='ltr'>auderweitige</span> <span class='ocrx_word' id='word_1_79' title='bbox 1081 1198 1232 1275; x_wconf 83' lang='lat' dir='ltr'>excerpte</span> <span class='ocrx_word' id='word_1_80' title='bbox 1259 1212 1330 1256; x_wconf 89' lang='lat' dir='ltr'>vor·</span> 
     </span>
     <span class='ocr_line' id='line_1_10' title="bbox 146 1296 1329 1380; baseline -0.001 -19"><span class='ocrx_word' id='word_1_81' title='bbox 146 1297 263 1380; x_wconf 87' lang='lat' dir='ltr'>lagen,</span> <span class='ocrx_word' id='word_1_82' title='bbox 299 1298 352 1363; x_wconf 88' lang='lat' dir='ltr'>die</span> <span class='ocrx_word' id='word_1_83' title='bbox 388 1305 474 1363; x_wconf 90' lang='lat' dir='ltr'>erste</span> <span class='ocrx_word' id='word_1_84' title='bbox 511 1297 842 1379; x_wconf 85' lang='lat' dir='ltr'>zusammeustelluag</span> <span class='ocrx_word' id='word_1_85' title='bbox 877 1297 1022 1379; x_wconf 83' lang='lat' dir='ltr'>beliebig</span> <span class='ocrx_word' id='word_1_86' title='bbox 1059 1296 1160 1361; x_wconf 83' lang='lat' dir='ltr'>durch</span> <span class='ocrx_word' id='word_1_87' title='bbox 1199 1304 1329 1380; x_wconf 73' lang='lat' dir='ltr'>spateae</span> 
     </span>
     <span class='ocr_line' id='line_1_11' title="bbox 145 1400 1329 1484; baseline -0.003 -17"><span class='ocrx_word' id='word_1_88' title='bbox 145 1401 297 1468; x_wconf 84' lang='lat' dir='ltr'>autbaten</span> <span class='ocrx_word' id='word_1_89' title='bbox 328 1402 473 1484; x_wconf 86' lang='lat' dir='ltr'>gcrnebrt</span> <span class='ocrx_word' id='word_1_90' title='bbox 504 1402 641 1468; x_wconf 86' lang='lat' dir='ltr'>habeu.“</span> <span class='ocrx_word' id='word_1_91' title='bbox 692 1422 731 1466; x_wconf 87' lang='lat' dir='ltr'>ea</span> <span class='ocrx_word' id='word_1_92' title='bbox 761 1402 845 1467; x_wconf 87' lang='lat' dir='ltr'>enim</span> <span class='ocrx_word' id='word_1_93' title='bbox 880 1421 931 1467; x_wconf 90' lang='lat' dir='ltr'>res</span> <span class='ocrx_word' id='word_1_94' title='bbox 965 1420 1029 1482; x_wconf 93' lang='lat' dir='ltr'>qua</span> <span class='ocrx_word' id='word_1_95' title='bbox 1062 1400 1166 1484; x_wconf 89' lang='lat' dir='ltr'>primo</span> <span class='ocrx_word' id='word_1_96' title='bbox 1201 1400 1329 1483; x_wconf 89' lang='lat' dir='ltr'>quidem</span> 
     </span>
     <span class='ocr_line' id='line_1_12' title="bbox 146 1504 1330 1590; baseline -0.004 -18"><span class='ocrx_word' id='word_1_97' title='bbox 146 1507 305 1590; x_wconf 87' lang='lat' dir='ltr'>adspectu</span> <span class='ocrx_word' id='word_1_98' title='bbox 322 1505 418 1571; x_wconf 77' lang='lat' dir='ltr'>valde</span> <span class='ocrx_word' id='word_1_99' title='bbox 439 1506 640 1590; x_wconf 83' lang='lat' dir='ltr'>offendimur,</span> <span class='ocrx_word' id='word_1_100' title='bbox 664 1506 750 1588; x_wconf 91' lang='lat' dir='ltr'>quod</span> <span class='ocrx_word' id='word_1_101' title='bbox 774 1507 857 1572; x_wconf 91' lang='lat' dir='ltr'>inter</span> <span class='ocrx_word' id='word_1_102' title='bbox 872 1506 1048 1590; x_wconf 86' lang='lat' dir='ltr'>anrpliorcs</span> <span class='ocrx_word' id='word_1_103' title='bbox 1064 1504 1243 1570; x_wconf 89' lang='lat' dir='ltr'>sententias</span> <span class='ocrx_word' id='word_1_104' title='bbox 1268 1504 1330 1568; x_wconf 91' lang='lat' dir='ltr'>sin-</span> 
     </span>
     <span class='ocr_line' id='line_1_13' title="bbox 145 1610 1331 1695; baseline -0.003 -20"><span class='ocrx_word' id='word_1_105' title='bbox 145 1612 228 1695; x_wconf 83' lang='lat' dir='ltr'>gula</span> <span class='ocrx_word' id='word_1_106' title='bbox 250 1612 351 1676; x_wconf 85' lang='lat' dir='ltr'>verba</span> <span class='ocrx_word' id='word_1_107' title='bbox 366 1611 538 1676; x_wconf 82' lang='lat' dir='ltr'>interiecta</span> <span class='ocrx_word' id='word_1_108' title='bbox 554 1613 744 1695; x_wconf 81' lang='lat' dir='ltr'>invenimus,</span> <span class='ocrx_word' id='word_1_109' title='bbox 766 1632 829 1676; x_wconf 87' lang='lat' dir='ltr'>nou</span> <span class='ocrx_word' id='word_1_110' title='bbox 847 1612 927 1676; x_wconf 84' lang='lat' dir='ltr'>lovis</span> <span class='ocrx_word' id='word_1_111' title='bbox 945 1616 993 1675; x_wconf 89' lang='lat' dir='ltr'>est</span> <span class='ocrx_word' id='word_1_112' title='bbox 1008 1610 1039 1673; x_wconf 92' lang='lat' dir='ltr'>ni</span> <span class='ocrx_word' id='word_1_113' title='bbox 1057 1610 1152 1674; x_wconf 87' lang='lat' dir='ltr'>fallor</span> <span class='ocrx_word' id='word_1_114' title='bbox 1168 1611 1331 1689; x_wconf 82' lang='lat' dir='ltr'>momenti,</span> 
     </span>
     <span class='ocr_line' id='line_1_14' title="bbox 144 1714 1330 1800; baseline -0.003 -19"><span class='ocrx_word' id='word_1_115' title='bbox 144 1736 217 1781; x_wconf 84' lang='lat' dir='ltr'>eum</span> <span class='ocrx_word' id='word_1_116' title='bbox 251 1715 327 1780; x_wconf 89' lang='lat' dir='ltr'>iude</span> <span class='ocrx_word' id='word_1_117' title='bbox 358 1716 420 1781; x_wconf 88' lang='lat' dir='ltr'>hoc</span> <span class='ocrx_word' id='word_1_118' title='bbox 451 1716 535 1780; x_wconf 86' lang='lat' dir='ltr'>effici</span> <span class='ocrx_word' id='word_1_119' title='bbox 569 1717 724 1800; x_wconf 89' lang='lat' dir='ltr'>arbitrer,</span> <span class='ocrx_word' id='word_1_120' title='bbox 763 1717 953 1798; x_wconf 86' lang='lat' dir='ltr'>scriptorem</span> <span class='ocrx_word' id='word_1_121' title='bbox 987 1714 1231 1797; x_wconf 87' lang='lat' dir='ltr'>Frisingcnsem</span> <span class='ocrx_word' id='word_1_122' title='bbox 1266 1733 1330 1777; x_wconf 92' lang='lat' dir='ltr'>non</span> 
     </span>
     <span class='ocr_line' id='line_1_15' title="bbox 145 1818 1330 1905; baseline -0.003 -21"><span class='ocrx_word' id='word_1_123' title='bbox 145 1820 308 1903; x_wconf 89' lang='lat' dir='ltr'>integrum</span> <span class='ocrx_word' id='word_1_124' title='bbox 332 1819 453 1884; x_wconf 79' lang='lat' dir='ltr'>Tibulli</span> <span class='ocrx_word' id='word_1_125' title='bbox 484 1840 600 1904; x_wconf 90' lang='lat' dir='ltr'>corpus</span> <span class='ocrx_word' id='word_1_126' title='bbox 629 1820 734 1905; x_wconf 90' lang='lat' dir='ltr'>ipsum</span> <span class='ocrx_word' id='word_1_127' title='bbox 765 1819 823 1884; x_wconf 90' lang='lat' dir='ltr'>sed</span> <span class='ocrx_word' id='word_1_128' title='bbox 849 1825 1002 1902; x_wconf 83' lang='lat' dir='ltr'>excerpta</span> <span class='ocrx_word' id='word_1_129' title='bbox 1030 1818 1096 1882; x_wconf 84' lang='lat' dir='ltr'>alia</span> <span class='ocrx_word' id='word_1_130' title='bbox 1120 1818 1330 1901; x_wconf 83' lang='lat' dir='ltr'>compilasse:</span> 
     </span>
     <span class='ocr_line' id='line_1_16' title="bbox 145 1923 1332 2009; baseline -0.004 -20"><span class='ocrx_word' id='word_1_131' title='bbox 145 1924 175 1989; x_wconf 85' lang='lat' dir='ltr'>is</span> <span class='ocrx_word' id='word_1_132' title='bbox 198 1924 284 1989; x_wconf 89' lang='lat' dir='ltr'>enim</span> <span class='ocrx_word' id='word_1_133' title='bbox 308 1924 362 2006; x_wconf 88' lang='lat' dir='ltr'>qni</span> <span class='ocrx_word' id='word_1_134' title='bbox 391 1924 514 2009; x_wconf 88' lang='lat' dir='ltr'>primus</span> <span class='ocrx_word' id='word_1_135' title='bbox 545 1924 627 1989; x_wconf 88' lang='lat' dir='ltr'>bace</span> <span class='ocrx_word' id='word_1_136' title='bbox 649 1932 805 2009; x_wconf 85' lang='lat' dir='ltr'>excerpta</span> <span class='ocrx_word' id='word_1_137' title='bbox 829 1923 1020 2008; x_wconf 87' lang='lat' dir='ltr'>composuit,</span> <span class='ocrx_word' id='word_1_138' title='bbox 1051 1928 1183 2007; x_wconf 89' lang='lat' dir='ltr'>praeter</span> <span class='ocrx_word' id='word_1_139' title='bbox 1206 1928 1332 1987; x_wconf 91' lang='lat' dir='ltr'>senten·</span> 
     </span>
     <span class='ocr_line' id='line_1_17' title="bbox 144 2024 1330 2111; baseline -0.004 -18"><span class='ocrx_word' id='word_1_140' title='bbox 144 2027 209 2093; x_wconf 86' lang='lat' dir='ltr'>tias</span> <span class='ocrx_word' id='word_1_141' title='bbox 241 2028 369 2111; x_wconf 84' lang='lat' dir='ltr'>singula</span> <span class='ocrx_word' id='word_1_142' title='bbox 399 2028 496 2093; x_wconf 92' lang='lat' dir='ltr'>etiam</span> <span class='ocrx_word' id='word_1_143' title='bbox 527 2030 629 2094; x_wconf 80' lang='lat' dir='ltr'>rerba</span> <span class='ocrx_word' id='word_1_144' title='bbox 659 2050 676 2093; x_wconf 88' lang='lat' dir='ltr'>e</span> <span class='ocrx_word' id='word_1_145' title='bbox 701 2029 813 2094; x_wconf 88' lang='lat' dir='ltr'>codice</span> <span class='ocrx_word' id='word_1_146' title='bbox 837 2027 997 2111; x_wconf 88' lang='lat' dir='ltr'>enotavit,</span> <span class='ocrx_word' id='word_1_147' title='bbox 1030 2026 1089 2092; x_wconf 89' lang='lat' dir='ltr'>sed</span> <span class='ocrx_word' id='word_1_148' title='bbox 1112 2026 1169 2107; x_wconf 89' lang='lat' dir='ltr'>ita,</span> <span class='ocrx_word' id='word_1_149' title='bbox 1200 2024 1330 2108; x_wconf 89' lang='lat' dir='ltr'>siquid</span> 
     </span>
     <span class='ocr_line' id='line_1_18' title="bbox 143 2131 1330 2216; baseline 0 -21"><span class='ocrx_word' id='word_1_150' title='bbox 143 2131 255 2214; x_wconf 86' lang='lat' dir='ltr'>video,</span> <span class='ocrx_word' id='word_1_151' title='bbox 285 2139 320 2197; x_wconf 91' lang='lat' dir='ltr'>ut</span> <span class='ocrx_word' id='word_1_152' title='bbox 343 2131 544 2216; x_wconf 80' lang='lat' dir='ltr'>marginibus</span> <span class='ocrx_word' id='word_1_153' title='bbox 573 2154 614 2197; x_wconf 86' lang='lat' dir='ltr'>ea</span> <span class='ocrx_word' id='word_1_154' title='bbox 637 2134 856 2216; x_wconf 82' lang='lat' dir='ltr'>adscriberet,</span> <span class='ocrx_word' id='word_1_155' title='bbox 880 2133 1020 2198; x_wconf 85' lang='lat' dir='ltr'>fortasse</span> <span class='ocrx_word' id='word_1_156' title='bbox 1046 2139 1132 2197; x_wconf 88' lang='lat' dir='ltr'>totas</span> <span class='ocrx_word' id='word_1_157' title='bbox 1155 2131 1189 2195; x_wconf 90' lang='lat' dir='ltr'>in</span> <span class='ocrx_word' id='word_1_158' title='bbox 1213 2131 1330 2213; x_wconf 89' lang='lat' dir='ltr'>quibus</span> 
     </span>
     <span class='ocr_line' id='line_1_19' title="bbox 144 2235 1331 2320; baseline 0 -20"><span class='ocrx_word' id='word_1_159' title='bbox 144 2237 246 2301; x_wconf 87' lang='lat' dir='ltr'>verba</span> <span class='ocrx_word' id='word_1_160' title='bbox 282 2237 346 2302; x_wconf 91' lang='lat' dir='ltr'>ista</span> <span class='ocrx_word' id='word_1_161' title='bbox 382 2238 511 2303; x_wconf 88' lang='lat' dir='ltr'>inerant</span> <span class='ocrx_word' id='word_1_162' title='bbox 548 2238 729 2303; x_wconf 88' lang='lat' dir='ltr'>sententias</span> <span class='ocrx_word' id='word_1_163' title='bbox 759 2245 875 2320; x_wconf 88' lang='lat' dir='ltr'>postea</span> <span class='ocrx_word' id='word_1_164' title='bbox 906 2257 971 2301; x_wconf 89' lang='lat' dir='ltr'>una</span> <span class='ocrx_word' id='word_1_165' title='bbox 1009 2257 1078 2300; x_wconf 87' lang='lat' dir='ltr'>curn</span> <span class='ocrx_word' id='word_1_166' title='bbox 1111 2236 1186 2300; x_wconf 88' lang='lat' dir='ltr'>aliis</span> <span class='ocrx_word' id='word_1_167' title='bbox 1215 2235 1331 2301; x_wconf 91' lang='lat' dir='ltr'>similis</span> 
     </span>
     <span class='ocr_line' id='line_1_20' title="bbox 143 2339 1329 2426; baseline -0.003 -19"><span class='ocrx_word' id='word_1_168' title='bbox 143 2342 329 2424; x_wconf 86' lang='lat' dir='ltr'>argumenti</span> <span class='ocrx_word' id='word_1_169' title='bbox 369 2343 621 2426; x_wconf 88' lang='lat' dir='ltr'>compositurus,</span> <span class='ocrx_word' id='word_1_170' title='bbox 663 2341 805 2406; x_wconf 80' lang='lat' dir='ltr'>furt-asse</span> <span class='ocrx_word' id='word_1_171' title='bbox 848 2340 946 2425; x_wconf 91' lang='lat' dir='ltr'>(quod</span> <span class='ocrx_word' id='word_1_172' title='bbox 987 2340 1056 2405; x_wconf 86' lang='lat' dir='ltr'>veri</span> <span class='ocrx_word' id='word_1_173' title='bbox 1095 2339 1232 2405; x_wconf 88' lang='lat' dir='ltr'>similius</span> <span class='ocrx_word' id='word_1_174' title='bbox 1267 2340 1329 2421; x_wconf 89' lang='lat' dir='ltr'>est)</span> 
     </span>
     <span class='ocr_line' id='line_1_21' title="bbox 143 2443 1330 2529; baseline -0.003 -20"><span class='ocrx_word' id='word_1_175' title='bbox 143 2444 379 2529; x_wconf 87' lang='lat' dir='ltr'>grammaticas</span> <span class='ocrx_word' id='word_1_176' title='bbox 396 2452 453 2511; x_wconf 92' lang='lat' dir='ltr'>aut</span> <span class='ocrx_word' id='word_1_177' title='bbox 469 2445 720 2528; x_wconf 86' lang='lat' dir='ltr'>glossematicas</span> <span class='ocrx_word' id='word_1_178' title='bbox 738 2482 779 2493; x_wconf 85' lang='lat'>·-</span> <span class='ocrx_word' id='word_1_179' title='bbox 796 2445 857 2508; x_wconf 91' lang='lat' dir='ltr'>buc</span> <span class='ocrx_word' id='word_1_180' title='bbox 881 2443 1011 2525; x_wconf 90' lang='lat' dir='ltr'>quidem</span> <span class='ocrx_word' id='word_1_181' title='bbox 1036 2451 1184 2527; x_wconf 85' lang='lat' dir='ltr'>spectare</span> <span class='ocrx_word' id='word_1_182' title='bbox 1201 2443 1330 2507; x_wconf 87' lang='lat' dir='ltr'>videtur</span> 
     </span>
     <span class='ocr_line' id='line_1_22' title="bbox 144 2546 1330 2632; baseline -0.002 -18"><span class='ocrx_word' id='word_1_183' title='bbox 144 2548 336 2632; x_wconf 87' lang='lat' dir='ltr'>compositio</span> <span class='ocrx_word' id='word_1_184' title='bbox 352 2550 523 2615; x_wconf 88' lang='lat' dir='ltr'>verborum</span> <span class='ocrx_word' id='word_1_185' title='bbox 547 2550 639 2632; x_wconf 91' lang='lat' dir='ltr'>,colu,</span> <span class='ocrx_word' id='word_1_186' title='bbox 665 2549 819 2631; x_wconf 89' lang='lat' dir='ltr'>stamina,</span> <span class='ocrx_word' id='word_1_187' title='bbox 842 2548 914 2613; x_wconf 89' lang='lat' dir='ltr'>litia</span> <span class='ocrx_word' id='word_1_188' title='bbox 938 2547 1021 2613; x_wconf 85' lang='lat' dir='ltr'>telis‘</span> <span class='ocrx_word' id='word_1_189' title='bbox 1045 2553 1198 2612; x_wconf 90' lang='lat' dir='ltr'>—notas</span> <span class='ocrx_word' id='word_1_190' title='bbox 1221 2546 1330 2612; x_wconf 87' lang='lat' dir='ltr'>adiec-</span> 
     </span>
     <span class='ocr_line' id='line_1_23' title="bbox 143 2651 1330 2737; baseline -0.002 -20"><span class='ocrx_word' id='word_1_191' title='bbox 143 2657 249 2718; x_wconf 88' lang='lat' dir='ltr'>turus:</span> <span class='ocrx_word' id='word_1_192' title='bbox 272 2654 470 2737; x_wconf 87' lang='lat' dir='ltr'>posteriores</span> <span class='ocrx_word' id='word_1_193' title='bbox 487 2673 574 2737; x_wconf 85' lang='lat' dir='ltr'>vcro,</span> <span class='ocrx_word' id='word_1_194' title='bbox 598 2653 651 2735; x_wconf 89' lang='lat' dir='ltr'>qui</span> <span class='ocrx_word' id='word_1_195' title='bbox 676 2653 858 2718; x_wconf 89' lang='lat' dir='ltr'>eruditione</span> <span class='ocrx_word' id='word_1_196' title='bbox 882 2659 913 2717; x_wconf 89' lang='lat' dir='ltr'>et</span> <span class='ocrx_word' id='word_1_197' title='bbox 936 2651 1074 2717; x_wconf 87' lang='lat' dir='ltr'>seientia</span> <span class='ocrx_word' id='word_1_198' title='bbox 1098 2652 1199 2717; x_wconf 93' lang='lat' dir='ltr'>multo</span> <span class='ocrx_word' id='word_1_199' title='bbox 1222 2651 1330 2716; x_wconf 89' lang='lat' dir='ltr'>rudio-</span> 
     </span>
     <span class='ocr_line' id='line_1_24' title="bbox 142 2755 1329 2843; baseline -0.001 -21"><span class='ocrx_word' id='word_1_200' title='bbox 142 2777 196 2823; x_wconf 86' lang='lat' dir='ltr'>res</span> <span class='ocrx_word' id='word_1_201' title='bbox 226 2764 261 2822; x_wconf 90' lang='lat' dir='ltr'>ut</span> <span class='ocrx_word' id='word_1_202' title='bbox 289 2758 357 2824; x_wconf 85' lang='lat' dir='ltr'>tero</span> <span class='ocrx_word' id='word_1_203' title='bbox 388 2758 486 2823; x_wconf 82' lang='lat' dir='ltr'>medii</span> <span class='ocrx_word' id='word_1_204' title='bbox 517 2759 590 2824; x_wconf 88' lang='lat' dir='ltr'>aevi</span> <span class='ocrx_word' id='word_1_205' title='bbox 621 2767 831 2843; x_wconf 82' lang='lat' dir='ltr'>excerptores</span> <span class='ocrx_word' id='word_1_206' title='bbox 864 2778 927 2824; x_wconf 92' lang='lat' dir='ltr'>non</span> <span class='ocrx_word' id='word_1_207' title='bbox 959 2756 1120 2822; x_wconf 88' lang='lat' dir='ltr'>curabant</span> <span class='ocrx_word' id='word_1_208' title='bbox 1149 2755 1212 2822; x_wconf 90' lang='lat' dir='ltr'>nisi</span> <span class='ocrx_word' id='word_1_209' title='bbox 1240 2756 1329 2821; x_wconf 88' lang='lat' dir='ltr'>locos</span> 
     </span>
     <span class='ocr_line' id='line_1_25' title="bbox 144 2862 1329 2947; baseline 0.001 -21"><span class='ocrx_word' id='word_1_210' title='bbox 144 2881 329 2928; x_wconf 88' lang='lat' dir='ltr'>communes</span> <span class='ocrx_word' id='word_1_211' title='bbox 360 2869 391 2927; x_wconf 83' lang='lat' dir='ltr'>ct</span> <span class='ocrx_word' id='word_1_212' title='bbox 414 2863 570 2947; x_wconf 90' lang='lat' dir='ltr'>morales,</span> <span class='ocrx_word' id='word_1_213' title='bbox 600 2864 707 2946; x_wconf 82' lang='lat' dir='ltr'>ignari</span> <span class='ocrx_word' id='word_1_214' title='bbox 739 2864 817 2945; x_wconf 90' lang='lat' dir='ltr'>quid</span> <span class='ocrx_word' id='word_1_215' title='bbox 842 2864 892 2928; x_wconf 90' lang='lat' dir='ltr'>his</span> <span class='ocrx_word' id='word_1_216' title='bbox 916 2865 1002 2929; x_wconf 89' lang='lat' dir='ltr'>uotis</span> <span class='ocrx_word' id='word_1_217' title='bbox 1026 2862 1211 2928; x_wconf 77' lang='lat' dir='ltr'>laciendum</span> <span class='ocrx_word' id='word_1_218' title='bbox 1235 2868 1329 2945; x_wconf 88' lang='lat' dir='ltr'>esset,</span> 
     </span>
     <span class='ocr_line' id='line_1_26' title="bbox 143 2967 1330 3050; baseline -0.001 -17"><span class='ocrx_word' id='word_1_219' title='bbox 143 2967 275 3049; x_wconf 88' lang='lat' dir='ltr'>singula</span> <span class='ocrx_word' id='word_1_220' title='bbox 298 2968 459 3032; x_wconf 80' lang='lat' dir='ltr'>uocabula</span> <span class='ocrx_word' id='word_1_221' title='bbox 482 2969 650 3033; x_wconf 87' lang='lat' dir='ltr'>sententiis</span> <span class='ocrx_word' id='word_1_222' title='bbox 673 2968 906 3035; x_wconf 85' lang='lat' dir='ltr'>inmisccbant:</span> <span class='ocrx_word' id='word_1_223' title='bbox 931 2976 963 3033; x_wconf 89' lang='lat' dir='ltr'>et</span> <span class='ocrx_word' id='word_1_224' title='bbox 986 2968 1138 3050; x_wconf 88' lang='lat' dir='ltr'>qnoniam</span> <span class='ocrx_word' id='word_1_225' title='bbox 1162 2967 1330 3033; x_wconf 86' lang='lat' dir='ltr'>sententiis</span> 
     </span>
     <span class='ocr_line' id='line_1_27' title="bbox 143 3072 1331 3156; baseline -0.001 -19"><span class='ocrx_word' id='word_1_226' title='bbox 143 3078 269 3137; x_wconf 84' lang='lat' dir='ltr'>tautum</span> <span class='ocrx_word' id='word_1_227' title='bbox 286 3072 382 3137; x_wconf 89' lang='lat' dir='ltr'>modo</span> <span class='ocrx_word' id='word_1_228' title='bbox 406 3072 622 3156; x_wconf 83' lang='lat' dir='ltr'>excerpendis</span> <span class='ocrx_word' id='word_1_229' title='bbox 646 3081 738 3138; x_wconf 90' lang='lat' dir='ltr'>crant</span> <span class='ocrx_word' id='word_1_230' title='bbox 760 3074 885 3154; x_wconf 89' lang='lat' dir='ltr'>intenti,</span> <span class='ocrx_word' id='word_1_231' title='bbox 913 3073 1043 3155; x_wconf 88' lang='lat' dir='ltr'>singula</span> <span class='ocrx_word' id='word_1_232' title='bbox 1066 3073 1131 3139; x_wconf 89' lang='lat' dir='ltr'>ista</span> <span class='ocrx_word' id='word_1_233' title='bbox 1155 3073 1255 3138; x_wconf 81' lang='lat' dir='ltr'>rerba</span> <span class='ocrx_word' id='word_1_234' title='bbox 1278 3092 1331 3137; x_wconf 91' lang='lat' dir='ltr'>ne-</span> 
     </span>
     <span class='ocr_line' id='line_1_28' title="bbox 145 3176 1331 3262; baseline 0.001 -21"><span class='ocrx_word' id='word_1_235' title='bbox 145 3177 253 3259; x_wconf 88' lang='lat' dir='ltr'>glecto</span> <span class='ocrx_word' id='word_1_236' title='bbox 278 3176 391 3242; x_wconf 88' lang='lat' dir='ltr'>ordine</span> <span class='ocrx_word' id='word_1_237' title='bbox 415 3178 601 3260; x_wconf 88' lang='lat' dir='ltr'>plerumque</span> <span class='ocrx_word' id='word_1_238' title='bbox 626 3178 717 3259; x_wconf 90' lang='lat' dir='ltr'>quasi</span> <span class='ocrx_word' id='word_1_239' title='bbox 741 3177 773 3241; x_wconf 91' lang='lat' dir='ltr'>in</span> <span class='ocrx_word' id='word_1_240' title='bbox 790 3198 907 3259; x_wconf 81' lang='lat' dir='ltr'>agmen</span> <span class='ocrx_word' id='word_1_241' title='bbox 931 3186 1132 3262; x_wconf 88' lang='lat' dir='ltr'>congregata</span> <span class='ocrx_word' id='word_1_242' title='bbox 1155 3178 1238 3243; x_wconf 89' lang='lat' dir='ltr'>iuter</span> <span class='ocrx_word' id='word_1_243' title='bbox 1261 3198 1331 3244; x_wconf 89' lang='lat' dir='ltr'>sen-</span> 
     </span>
     <span class='ocr_line' id='line_1_29' title="bbox 142 3281 1330 3368; baseline 0 -21"><span class='ocrx_word' id='word_1_244' title='bbox 142 3282 264 3347; x_wconf 88' lang='lat' dir='ltr'>tentias</span> <span class='ocrx_word' id='word_1_245' title='bbox 287 3282 506 3347; x_wconf 84' lang='lat' dir='ltr'>incrrlcabant.</span> <span class='ocrx_word' id='word_1_246' title='bbox 544 3288 630 3347; x_wconf 83' lang='lat' dir='ltr'>certe</span> <span class='ocrx_word' id='word_1_247' title='bbox 655 3283 686 3344; x_wconf 91' lang='lat' dir='ltr'>in</span> <span class='ocrx_word' id='word_1_248' title='bbox 709 3281 882 3364; x_wconf 86' lang='lat' dir='ltr'>primitivis</span> <span class='ocrx_word' id='word_1_249' title='bbox 906 3284 1070 3368; x_wconf 84' lang='lat' dir='ltr'>excerptis</span> <span class='ocrx_word' id='word_1_250' title='bbox 1093 3284 1176 3348; x_wconf 89' lang='lat' dir='ltr'>haee</span> <span class='ocrx_word' id='word_1_251' title='bbox 1199 3283 1330 3366; x_wconf 86' lang='lat' dir='ltr'>singula</span> 
     </span>
     <span class='ocr_line' id='line_1_30' title="bbox 101 3385 1331 3477; baseline 0.002 -26"><span class='ocrx_word' id='word_1_252' title='bbox 101 3472 104 3477; x_wconf 19' lang='grc' dir='ltr'>Ι</span> <span class='ocrx_word' id='word_1_253' title='bbox 142 3385 246 3451; x_wconf 89' lang='lat' dir='ltr'>verba</span> <span class='ocrx_word' id='word_1_254' title='bbox 269 3406 334 3450; x_wconf 91' lang='lat' dir='ltr'>uon</span> <span class='ocrx_word' id='word_1_255' title='bbox 351 3386 467 3451; x_wconf 86' lang='lat' dir='ltr'>mediis</span> <span class='ocrx_word' id='word_1_256' title='bbox 482 3386 627 3469; x_wconf 84' lang='lat' dir='ltr'>infuisse,</span> <span class='ocrx_word' id='word_1_257' title='bbox 653 3385 710 3451; x_wconf 90' lang='lat' dir='ltr'>sed</span> <span class='ocrx_word' id='word_1_258' title='bbox 728 3385 940 3452; x_wconf 88' lang='lat' dir='ltr'>intervenisse</span> <span class='ocrx_word' id='word_1_259' title='bbox 957 3388 1203 3472; x_wconf 89' lang='lat' dir='ltr'>compilatorum</span> <span class='ocrx_word' id='word_1_260' title='bbox 1223 3394 1331 3471; x_wconf 86' lang='lat' dir='ltr'>poste·</span> 
     </span>
     <span class='ocr_line' id='line_1_31' title="bbox 143 3490 1330 3573; baseline 0.002 -17"><span class='ocrx_word' id='word_1_261' title='bbox 143 3490 266 3556; x_wconf 88' lang='lat' dir='ltr'>riorum</span> <span class='ocrx_word' id='word_1_262' title='bbox 289 3491 385 3573; x_wconf 91' lang='lat' dir='ltr'>culpa</span> <span class='ocrx_word' id='word_1_263' title='bbox 402 3510 439 3555; x_wconf 92' lang='lat' dir='ltr'>eo</span> <span class='ocrx_word' id='word_1_264' title='bbox 456 3491 561 3573; x_wconf 89' lang='lat' dir='ltr'>magis</span> <span class='ocrx_word' id='word_1_265' title='bbox 577 3497 612 3555; x_wconf 90' lang='lat' dir='ltr'>ut</span> <span class='ocrx_word' id='word_1_266' title='bbox 628 3491 760 3555; x_wconf 88' lang='lat' dir='ltr'>credam</span> <span class='ocrx_word' id='word_1_267' title='bbox 777 3490 932 3573; x_wconf 88' lang='lat' dir='ltr'>adducor,</span> <span class='ocrx_word' id='word_1_268' title='bbox 958 3493 1044 3573; x_wconf 88' lang='lat' dir='ltr'>quod</span> <span class='ocrx_word' id='word_1_269' title='bbox 1060 3493 1118 3556; x_wconf 92' lang='lat' dir='ltr'>illa</span> <span class='ocrx_word' id='word_1_270' title='bbox 1142 3492 1169 3556; x_wconf 89' lang='lat' dir='ltr'>si</span> <span class='ocrx_word' id='word_1_271' title='bbox 1187 3492 1330 3573; x_wconf 88' lang='lat' dir='ltr'>eieceris,</span> 
     </span>
     <span class='ocr_line' id='line_1_32' title="bbox 143 3592 1331 3680; baseline 0.002 -21"><span class='ocrx_word' id='word_1_272' title='bbox 143 3594 211 3661; x_wconf 84' lang='lat' dir='ltr'>fere</span> <span class='ocrx_word' id='word_1_273' title='bbox 227 3592 345 3659; x_wconf 89' lang='lat' dir='ltr'>eodem</span> <span class='ocrx_word' id='word_1_274' title='bbox 360 3594 475 3659; x_wconf 89' lang='lat' dir='ltr'>ordine</span> <span class='ocrx_word' id='word_1_275' title='bbox 491 3603 645 3678; x_wconf 83' lang='lat' dir='ltr'>excerpta</span> <span class='ocrx_word' id='word_1_276' title='bbox 661 3595 889 3678; x_wconf 88' lang='lat' dir='ltr'>Frisingensia</span> <span class='ocrx_word' id='word_1_277' title='bbox 905 3596 1094 3680; x_wconf 87' lang='lat' dir='ltr'>procedunt,</span> <span class='ocrx_word' id='word_1_278' title='bbox 1118 3616 1179 3677; x_wconf 90' lang='lat' dir='ltr'>quo</span> <span class='ocrx_word' id='word_1_279' title='bbox 1201 3596 1331 3662; x_wconf 86' lang='lat' dir='ltr'>codices</span> 
     </span>
     <span class='ocr_line' id='line_1_33' title="bbox 144 3697 1331 3782; baseline -0.001 -19"><span class='ocrx_word' id='word_1_280' title='bbox 144 3697 268 3763; x_wconf 86' lang='lat' dir='ltr'>Tibulli</span> <span class='ocrx_word' id='word_1_281' title='bbox 284 3704 317 3762; x_wconf 91' lang='lat' dir='ltr'>et</span> <span class='ocrx_word' id='word_1_282' title='bbox 333 3704 441 3763; x_wconf 86' lang='lat' dir='ltr'>cetera</span> <span class='ocrx_word' id='word_1_283' title='bbox 463 3705 627 3782; x_wconf 85' lang='lat' dir='ltr'>excerpta.</span> <span class='ocrx_word' id='word_1_284' title='bbox 666 3698 709 3763; x_wconf 90' lang='lat' dir='ltr'>ad</span> <span class='ocrx_word' id='word_1_285' title='bbox 733 3699 988 3763; x_wconf 85' lang='lat' dir='ltr'>ccrrfirmandum</span> <span class='ocrx_word' id='word_1_286' title='bbox 1011 3698 1071 3763; x_wconf 88' lang='lat' dir='ltr'>hoc</span> <span class='ocrx_word' id='word_1_287' title='bbox 1094 3699 1246 3763; x_wconf 86' lang='lat' dir='ltr'>iudicium</span> <span class='ocrx_word' id='word_1_288' title='bbox 1266 3700 1331 3763; x_wconf 91' lang='lat' dir='ltr'>iarn</span> 
     </span>
     <span class='ocr_line' id='line_1_34' title="bbox 143 3803 1331 3887; baseline 0.003 -19"><span class='ocrx_word' id='word_1_289' title='bbox 143 3803 193 3869; x_wconf 87' lang='lat' dir='ltr'>sie</span> <span class='ocrx_word' id='word_1_290' title='bbox 216 3809 251 3867; x_wconf 89' lang='lat' dir='ltr'>ut</span> <span class='ocrx_word' id='word_1_291' title='bbox 274 3823 295 3866; x_wconf 91' lang='lat' dir='ltr'>a</span> <span class='ocrx_word' id='word_1_292' title='bbox 317 3803 420 3885; x_wconf 90' lang='lat' dir='ltr'>primo</span> <span class='ocrx_word' id='word_1_293' title='bbox 443 3812 633 3887; x_wconf 81' lang='lat' dir='ltr'>excerptum</span> <span class='ocrx_word' id='word_1_294' title='bbox 656 3803 844 3887; x_wconf 84' lang='lat' dir='ltr'>conscripta</span> <span class='ocrx_word' id='word_1_295' title='bbox 860 3823 932 3867; x_wconf 87' lang='lat' dir='ltr'>esse</span> <span class='ocrx_word' id='word_1_296' title='bbox 949 3803 1044 3868; x_wconf 80' lang='lat' dir='ltr'>credo</span> <span class='ocrx_word' id='word_1_297' title='bbox 1069 3804 1126 3867; x_wconf 88' lang='lat' dir='ltr'>illa</span> <span class='ocrx_word' id='word_1_298' title='bbox 1150 3823 1331 3887; x_wconf 84' lang='lat' dir='ltr'>proponere</span> 
     </span>
     <span class='ocr_line' id='line_1_35' title="bbox 142 3909 428 3991; baseline -0.014 -17"><span class='ocrx_word' id='word_1_299' title='bbox 142 3916 299 3991; x_wconf 85' lang='lat' dir='ltr'>excerpta</span> <span class='ocrx_word' id='word_1_300' title='bbox 322 3909 428 3971; x_wconf 87' lang='lat' dir='ltr'>liceat.</span> 
     </span>
    </p>
   </div>
   <div class='ocr_carea' id='block_1_2' title="bbox 0 0 1478 4500">
    <p class='ocr_par' dir='ltr' id='par_1_2' title="bbox 0 0 1478 4500">
     <span class='ocr_line' id='line_1_36' title="bbox 0 0 1478 4500; baseline 0 0"><span class='ocrx_word' id='word_1_301' title='bbox 0 0 1478 4500; x_wconf 95' lang='lat' dir='ltr'> </span> 
     </span>
    </p>
   </div>
  </div>
 </body>
</html>
