2948 4500
694 985 772 1083 II.

144 1277 231 1376 De
281 1286 590 1378 ceterorum
637 1285 1018 1407 excerptorum
1062 1275 1320 1398 lontibus

433 1467 773 1599 cognatione,
811 1468 1036 1568 virtute.

246 1811 360 1876 dcccx
383 1810 689 1896 Nostradamensis,
720 1831 814 1895 quem
845 1810 1056 1894 Florilegium
1087 1830 1213 1893 quoque
1234 1809 1325 1874 Pari-

141 1913 247 1979 sinum
279 1923 414 1997 vocant,
445 1935 614 1990 consensu,
635 1915 775 1981 virorum
804 1915 836 1979 in
859 1914 1057 1980 bibliotheca
1080 1915 1232 1980 Parisino
1256 1934 1324 1979 ver·
1445 1950 1448 1955 <

144 2025 287 2083 satorum
317 2018 521 2101 Quicherati,
559 2019 753 2101 (inessendi,
787 2020 824 2086 L.
852 2019 996 2103 Delislii‚
1030 2019 1107 2084 Em.
1136 2017 1322 2084 Michelauti

140 2129 295 2188 exaratus
333 2122 425 2188 initio
460 2123 583 2188 saeculi
613 2124 695 2188 XIII
730 2123 787 2209 (cf.
821 2123 982 2206 Philolog.
1011 2123 1106 2189 XVII
1141 2142 1217 2206 pag.
1247 2121 1323 2203 342)

143 2226 284 2292 eontinet
316 2227 453 2292 selectos
487 2227 639 2293 flosculos
670 2228 817 2312 poeticos
849 2233 906 2292 aut
939 2227 1163 2310 proverbiales
1198 2246 1215 2291 e
1246 2224 1324 2291 Pru-

142 2330 263 2413 dentio,
289 2329 480 2415 Claudiana,
504 2331 631 2415 Ovidio,
654 2332 801 2413 Horatio,
830 2331 988 2421 quenali,
1019 2331 1142 2414 Persio,
1169 2330 1323 2412 Martiali,

141 2435 320 2515 Petronio„
336 2435 472 2517 Vergilii
496 2434 606 2516 culice,
629 2441 780 2518 poemate
808 2434 849 2500 de
871 2433 969 2499 laude
993 2433 1134 2515 Pisonis,
1158 2433 1322 2516 Terentio,

142 2537 250 2602 Plauti
276 2538 446 2602 Aulularia
476 2545 508 2603 et
539 2538 622 2604 inter
650 2538 815 2607 Ovidiana
844 2558 903 2622 per
930 2538 1126 2622 paginarum
1157 2538 1322 2603 columnas
1450 2616 1453 2623 Ι

141 2661 223 2722 quas
248 2640 360 2706 dicunt
383 2649 505 2725 septem
523 2661 540 2706 e
558 2642 698 2725 Tibullo,
722 2647 892 2725 praeterea
906 2640 1147 2725 philosophicos
1164 2661 1182 2706 e
1198 2641 1323 2706 Seneca
1438 2676 1441 2681 ·
1465 2630 1470 2641 ¹

143 2752 175 2809 et
200 2745 365 2810 Ciceronis
389 2746 429 2810 de
453 2746 606 2827 amicitia,
630 2746 671 2811 de
695 2751 870 2827 senectute,
902 2745 1096 2810 Tusculanis
1128 2744 1322 2827 disputatio·
1461 2754 1465 2761 ’

142 2850 246 2931 nibus,
280 2850 459 2915 rhetoricos
489 2849 721 2934 grammaticos
752 2849 903 2915 metricos
935 2870 952 2914 e
983 2847 1321 2933 Gelli0,·Macrobi0,

142 2952 294 3035 Sidonio,
319 2953 537 3038 Cassianam,
568 2953 741 3045 historicos
770 2953 909 3037 denique
933 2974 950 3018 e
972 2953 1125 3034 Caesare,
1156 2951 1322 3035 Sallustio,

149 3057 314 3122 Suetonio.
369 3059 625 3147 Tibullianorum
662 3064 886 3142 excerptorum
928 3059 1080 3140 quoniam
1121 3056 1323 3122 Woelfflinus

142 3167 268 3225 tanturn
303 3161 526 3245 discrepantes
560 3164 602 3228 ab
636 3162 777 3228 editione
812 3161 1059 3228 Rossbachiana
1096 3160 1187 3246 (anni
1226 3160 1322 3243 1856)

144 3265 323 3348 scripturas
351 3266 531 3348 publicavit
560 3287 622 3349 ego
653 3265 705 3330 hic
735 3266 863 3348 integra
894 3271 1048 3348 excerpta
1075 3263 1323 3347 perscribam30)

145 3388 209 3451 quo
239 3368 367 3434 facilius
398 3369 439 3435 ab
469 3370 616 3434 omnibns
648 3374 879 3453 cognoscatur,
914 3376 1113 3453 quantopere
1145 3388 1165 3432 a
1196 3367 1324 3452 volgari

148 3472 296 3539 codicum
319 3473 475 3540 memoria
497 3471 716 3554 discedant³¹i

143 3667 347 3678 μ--.....-..-

193 3767 225 3836 ³⁰)
243 3782 340 3822 versus
363 3783 380 3820 a
403 3755 570 3823 vincentio
587 3782 698 3838 quoquc
734 3772 885 3836 excerptos
909 3765 1043 3823 asterisco
1068 3765 1233 3836 praeposito
1260 3764 1336 3820 insi'

245 3854 338 3924 gnivi:
357 3855 521 3924 postposito
535 3855 632 3910 notavi
662 3854 797 3911 asterisco
816 3868 888 3922 qnos
905 3853 1033 3922 Scaliger
1051 3852 1192 3921 excerptis
1209 3853 1266 3908 suis
1284 3852 1324 3907 in·
1445 3856 1448 3860 ’

245 3938 332 3998 fuisse
351 3946 495 3997 memorat.

171 4078 173 4085 ,
199 4031 231 4098 ³¹)
249 4044 321 4098 quae
345 4031 500 4098 scripturae
517 4046 588 4086 cum
613 4029 759 4087 codicibus
785 4030 945 4100 discrepant
968 4031 1071 4087 litteris
1092 4028 1218 4098 obliquis
1236 4029 1323 4098 signi·

246 4115 348 4173 ficatac
368 4120 441 4174 sunt.
